2746 4604
1131 180 1252 236 nxxffl

47 305 135 407 tuit,
165 319 254 408 post
278 303 445 383 diversas
470 304 580 384 etiam
604 307 757 411 regulas
783 304 929 399 eadem,
961 306 1117 416 repetita
1148 308 1254 406 vice,

10 476 16 493 .
52 422 219 500 consulto
244 420 453 512 attulimus,
486 437 527 501 ut
551 422 779 526 generaliter
802 421 1028 530 perspectis,
1061 448 1106 503 eo
1131 425 1257 530 magis

55 537 171 616 adlata
195 538 337 631 eluceat
360 538 518 634 veritas3
551 539 591 617 in
614 555 720 647 parte
743 538 949 643 syntectica
972 567 1019 616 ex
1042 541 1256 621 auctoribus

57 653 219 733 classicis
242 654 340 733 haud
362 683 479 762 pauca
505 653 745 746 adduximus,
770 671 879 733 uteo
905 655 1061 747 clarius,
1086 657 1256 766 apposita
1333 681 1336 685 ’

10 776 13 811 ²
59 770 232 864 versione,
257 788 430 850 cernatur
453 771 550 850 filiae
575 800 657 871 cum
682 788 800 850 matre
811 770 1030 867 similitud03
1054 775 1256 880 populares

62 887 161 966 etiam
185 887 225 965 in
248 886 318 966 hac
340 904 446 994 parte
467 891 669 966 sententias
686 917 796 996 saepe
809 887 1048 996 praetulimus
1067 890 1256 968 sublimio·

15 1006 19 1011 ’
62 1005 166 1096 ribus,
191 1019 233 1083 ut
248 1033 360 1113 quum
374 1004 486 1084 tritae
501 1005 587 1098 sint,
612 1004 768 1149 amplius
788 1002 1075 1084 corroborandis
1093 1004 1258 1084 serviant

17 1147 21 1155 ·
61 1118 217 1199 amartis.

10 1266 22 1309 ι
151 1235 376 1345 Quicunque
410 1235 456 1317 de
494 1212 707 1318 sinceritate
739 1200 972 1345 genuinoque
1002 1236 1160 1344 puritate
1189 1236 1258 1316 lin·

25 1350 28 1355 ’
61 1380 149 1458 guae
174 1352 361 1450 dubitant,
396 1380 461 1431 eos
485 1354 582 1433 facto
606 1355 870 1450 refutavimus3
895 1353 957 1459 qui
976 1351 1259 1460 perfectibilita·

10 1467 17 1491 ⁴
61 1484 126 1547 tarn
149 1466 384 1577 eiusabsque
397 1469 669 1549 introductione
682 1470 1015 1561 barbarismorum,
1030 1485 1093 1548 aut
1110 1469 1257 1547 fictione

63 1584 335 1664 claudicantium
358 1586 663 1694 plebeismorum,
694 1587 821 1666 nescio
856 1615 964 1696 quam
995 1585 1257 1664 sublimitatem

63 1700 149 1808 apud
174 1730 241 1781 eos
264 1703 605 1809 praeseferentium,
630 1703 832 1783 concedere
856 1705 1003 1801 nolunt,
1033 1703 1119 1782 illos
1144 1728 1257 1807 roga·

64 1845 146 1910 nus,
170 1834 214 1897 ut
229 1845 322 1909 eam,
338 1848 445 1927 quam
456 1820 662 1922 Analogiae
680 1821 890 1929 aperuimus
905 1821 1014 1911 viam,
1032 1819 1165 1898 maiori
1180 1834 1259 1897 stn-

10 1884 23 2035 l
59 1931 164 2012 deant
187 1962 272 2012 cum
296 1936 509 2028 attentione,
532 1965 719 2072 paucaque
743 1939 817 2030 illa,
842 1966 936 2047 quae
950 1937 996 2015 ad
1013 1960 1258 2044 progressum

10 2046 18 2141 l
64 2049 288 2185 indicandum
300 2050 452 2130 lecimus
466 2055 684 2146 tentamina,
698 2055 837 2132 saniora
826 2053 1081 2161 perpendant
1099 2079 1181 2130 cum
1197 2054 1259 2155 jn·

65 2165 164 2260 dicio,
187 2183 227 2246 et
249 2165 284 2246 si
307 2167 380 2275 ipsr
369 2166 501 2247 haud
524 2170 789 2249 sufficientibus
808 2171 954 2303 pollent
977 2169 1118 2246 viribus
1139 2165 1185 2244 ad
1201 2192 1260 2244 re·

47 2282 399 2392 etamperveniendi
423 2286 613 2382 semitam,
637 2287 783 2394 iterque
805 2285 846 2364 in
869 2312 914 2363 ea
937 2281 1113 2374 faciendi,
1137 2281 1260 2359 sinant

67 2401 188 2480 saltem
214 2428 256 2479 se
280 2399 369 2478 illuc
397 2399 545 2494 adduci,
570 2402 813 2509 comitemque
836 2430 911 2479 non
934 2415 1111 2507 respuant
1134 2395 1259 2505 sequi,

68 2532 99 2594 ct
121 2515 273 2595 credant
295 2518 457 2596 luturum
483 2519 698 2626 aliquando,
735 2534 776 2597 ut
800 2518 870 2596 hac
892 2517 1036 2595 ratione
1060 2514 1130 2622 ipsi
1155 2540 1261 2621 prae·

69 2633 227 2711 sentibus
249 2633 395 2712 liberati
415 2635 579 2713 tenebris
604 2637 721 2715 lucem
745 2634 912 2729 videant3
944 2658 1037 2710 neve
1061 2646 1259 2735 aegrotan-

10 2758 21 2849 ι
69 2747 150 2826 tium
174 2766 374 2857 sequantur
399 2779 558 2843 morem,
584 2781 644 2859 qur
634 2731 945 2830 medicamenta
934 2748 1026 2855 apsis
1043 2747 1189 2852 ingrata
1202 2772 1262 2822 re·

71 2861 206 2954 ficiunt,
232 2864 364 2943 horum
380 2866 575 2947 utilitatem
592 2868 788 2947 aestimare
807 2866 934 2945 nescii.

161 2979 436 3060 celeberrimus
459 2983 580 3062 nostri
605 2983 741 3061 saeculi
767 2980 1018 3089 Philosophus
1042 2979 1172 3059 llichte
1204 3005 1264 3071 see

73 3121 175 3199 quens
199 3098 373 3205 proponit
397 3127 506 3178 verae
523 3097 789 3205 Philosophiae
813 3099 1023 3178 criterium:
1050 3095 1266 3205 cuicunque

73 3211 206 3290 obiecta
231 3230 337 3292 extra
360 3242 403 3292 se
426 3214 548 3323 posita
572 3214 768 3294 cessabunt
783 3241 960 3322 apparere
975 3229 1016 3291 ut
1032 3212 1208 3318 entiaper
1222 3237 1267 3287 se

10 3390 14 3401 .
74 3327 269 3420 existentia,
294 3330 357 3409 ille
381 3331 475 3409 sciat
498 3358 541 3408 se
564 3359 688 3409 veram
707 3334 787 3436 jam
811 3346 957 3409 nactum
984 3356 1067 3408 esse
1090 3326 1268 3405 Philoso-

76 3440 196 3545 phiam.
221 3444 304 3522 Nos
325 3445 435 3538 aliud,
460 3445 546 3524 hnic
560 3446 693 3537 simile,
717 3462 776 3525 ast
787 3474 862 3524 non
873 3445 918 3524 de
931 3443 1191 3551 Philosophia,
1205 3440 1269 3518 hic
1342 3444 1359 3461 ’“

76 3559 324 3665 proponimus:
353 3561 573 3696 Quicunque
598 3561 719 3639 adlata
742 3589 963 3669 percurrere
985 3559 1165 3666 incipiens
1189 3552 1268 3635 tirr-

78 3667 227 3769 babitur,
252 3675 316 3753 ille
340 3678 434 3756 sciat
458 3706 500 3755 se
524 3678 727 3756 inveterato
752 3678 921 3760 laborare
945 3676 1093 3771 morbo;
1118 3676 1267 3782 quicun-

82 3812 141 3892 que
162 3791 330 3870 omnibns
355 3793 543 3900 percursis
569 3792 616 3871 ad
646 3823 725 3873 rem
749 3793 969 3872 necessariis
994 3791 1180 3870 fundatam
1204 3816 1269 3865 ra·

10 3888 43 3988 li
83 3900 228 3983 tionibus
253 3909 512 4015 suspicandum
537 3909 706 3988 inductus
732 3909 859 4006 luerit,
895 3909 957 3986 ille
980 3907 1075 3986 sciat
1099 3934 1140 3982 se
1164 3933 1270 3983 sana·

10 4025 49 4123 q·
88 4010 179 4097 bilem
202 4048 307 4117 esse‚·
333 4025 539 4158 quicunque
562 4023 705 4103 iterata
719 4023 798 4102 vice
823 4024 1008 4130 perlectis,
1032 4018 1271 4212 adductisque

13 4140 48 4263 pq
92 4138 298 4237 argumentis
323 4140 394 4220 rite
417 4139 610 4249 perpensis
636 4141 772 4265 claram
788 4137 999 4248 perviderit,
1009 4135 1125 4218 licet
1112 4133 1185 4244 apsi
1197 4135 1273 4212 lor-

40 4266 49 4315 ι
