2746 4604
114 159 264 226 ιιιιιιιιι

115 300 273 361 devotione
295 301 509 360 merosmotae
528 298 857 375 Ecclesiaell'orassae
879 298 986 361 nastris
1007 300 1249 378 tuae-proficere
1266 301 1316 361 de·

116 403 169 462 bes
191 406 394 474 incessanter,
414 421 468 481 per
490 404 576 463 euius
598 405 708 465 merita
728 403 900 482 gloriosum
920 405 1112 482 aequisivisti
1132 396 1317 482 triumphum

115 508 264 568 adversus
285 527 358 578 eos,
379 509 431 586 qni
447 517 482 566 ιι
504 507 834 586 nitebauttrrgravitor
853 507 1029 569 molestare.
1057 510 1133 569 Cum
1154 511 1251 589 igitur
1270 530 1318 568 ra-

116 615 203 692 glum
224 613 360 672 diadema
381 620 412 671 ιι
431 613 563 673 militare
583 613 731 673 vexillam
750 611 877 673 anobis
899 630 954 690 per
964 614 1115 691 Legatum
1133 615 1318 691 apostolieae

114 716 198 777 sedis
217 717 385 793 acceperis,
407 724 442 775 ut
462 733 592 795 regnum
612 725 698 777 tuum
720 707 906 777 besti'Petri
928 717 971 801 sit
991 718 1136 795 speciale,
1157 719 1318 794 providere
1361 694 1364 703 ⁸

114 821 256 901 solumne
278 821 452 899 diligenter,
473 829 508 879 ιιι
528 819 565 879 ab
584 818 718 879 bostium
738 817 870 896 undique
886 819 1034 881 liberatus
1048 821 1224 881 incursibus
1239 831 1319 881 tran·

115 926 209 1004 quilla
230 942 303 1002 paee
324 925 460 984 laeteris.
480 921 614 982 Novaria
634 915 723 1001 ergo,
744 922 788 981 lili
810 923 983 1000 carissime,
1005 923 1084 1000 quod
1105 925 1215 1002 ingens
1232 943 1319 984 exer·

114 1029 194 1088 eltus
216 1027 253 1087 de
274 1026 512 1087 occidentalibus
534 1026 673 1104 partibus
695 1035 744 1085 est
759 1027 961 1086 inGraeoiam
976 1023 1182 1104 prolecturus,
1197 1037 1319 1105 praeter

115 1132 200 1204 illum
221 1132 273 1209 qui
294 1150 391 1209 nuper
413 1131 555 1211 accessit.
576 1128 660 1188 Unde
682 1130 736 1190 tibi
757 1139 789 1190 ιι
808 1138 910 1191 ιιιιιι
931 1140 1001 1191 tuae
1021 1132 1113 1191 debes
1127 1150 1323 1208 summopere

114 1234 286 1313 providere,
308 1244 342 1294 nt
358 1235 428 1294 dum
450 1243 549 1313 potes,
569 1250 677 1310 paoem
699 1235 785 1294 ineas
807 1251 875 1295 eum
895 1236 1031 1305 Latini„
1052 1254 1090 1295 ne
1110 1236 1139 1294 si
1158 1236 1238 1294 forte
1260 1234 1319 1312 ipsi

61 1367 62 1370 ¹
112 1355 153 1397 ex
175 1356 234 1398 nna
254 1347 340 1417 parte
367 1346 400 1400 et
418 1338 538 1417 Ungari
558 1357 597 1397 ex
617 1339 714 1399 altera
734 1346 765 1397 te
786 1338 958 1398 studuerint
977 1341 1174 1418 impugnare,
1195 1356 1255 1397 non
1277 1338 1319 1397 fa·

113 1441 173 1500 elle
193 1443 299 1518 possis
320 1443 469 1504 resistere
491 1437 650 1502 conatibus
671 1449 881 1520 utrorumque.
903 1439 1054 1517 Quocirca
1071 1441 1228 1501 serenitati
1250 1440 1330 1499 tuae*

112 1547 324 1627 suggerimus,
345 1555 377 1606 et
397 1547 585 1608 oonsulimus
605 1544 665 1604 fide
685 1553 781 1616 reeta,
803 1554 952 1624 qnatenus
965 1563 1034 1605 oum
1046 1547 1227 1607 Balduinum
1243 1544 1318 1603 Gon·

112 1651 414 1728 stantinopolitauum
434 1652 656 1728 Imperatorem
677 1649 791 1710 dioaris
812 1659 917 1710 tenere
939 1652 1101 1727 captivum,
1122 1651 1166 1709 ita
1179 1650 1234 1709 tibi
1251 1668 1319 1726 pro·

113 1754 238 1822 rideas,
265 1763 300 1813 ut
320 1772 376 1833 per
395 1754 639 1813 liberationem
630 1755 747 1831 ipsius,
773 1771 879 1813 veram
901 1763 931 1814 et
951 1755 1069 1814 firmam
1090 1771 1195 1830 paoem
1221 1756 1319 1813 iacias

113 1878 183 1923 enm
204 1860 335 1929 Latinis,
357 1868 391 1919 ut
410 1859 448 1919 ab
469 1859 697 1937 impugnatione
717 1867 770 1918 tua
791 1868 821 1918 et
841 1868 943 1920 terrae
956 1868 1024 1919 tuae
1040 1860 1159 1935 penitus
1180 1859 1320 1934 conquie-

114 1972 213 2024 munt
233 1964 298 2022 Nos
320 1965 400 2023 enirn
420 1961 555 2022 Henrioo
578 1962 667 2022 fratri
688 1961 824 2022 eiusdem
845 1963 1061 2038 Imperatoris,
1085 1979 1135 2038 qur
1126 1961 1320 2021 Constanti·

46 2131 51 2142 ,
113 2069 216 2147 nopoli
236 2076 360 2146 praeest
380 2067 531 2127 exercitui
545 2067 737 2136 Latinorum,
757 2083 814 2143 per
824 2067 993 2142 apostoliea
1006 2066 1122 2142 scripta
1133 2066 1319 2133 mandamus,

113 2181 148 2232 ut
167 2172 206 2232 ad
226 2171 332 2250 paoem
353 2181 437 2231 tuam
458 2188 514 2248 pro
534 2171 714 2232 liberatione
727 2170 828 2248 ipsius
843 2170 1040 2248 imperatoris
1048 2172 1175 2229 Latinos
1186 2172 1320 2234 inclinet.

76 2357 78 2361 Α
114 2284 147 2335 ιι
166 2294 192 2340 a
205 2284 258 2336 tua
278 2275 493 2361 molestatione
516 2284 618 2336 cesset
639 2274 772 2335 omnino.
803 2274 936 2351 Inspiret
956 2275 1057 2351 itaque
1080 2273 1134 2332 tibi
1155 2275 1260 2343 Deus,
1288 2281 1320 2331 ut

114 2380 231 2439 uostris
252 2380 375 2443 monitis
396 2389 430 2438 et
449 2380 587 2438 consiliis
603 2381 793 2458 acquiescas,
819 2387 968 2456 quatenus
983 2395 1112 2456 regnum
1131 2385 1225 2446 tuum,
1243 2376 1320 2455 quod

115 2483 203 2543 beato
213 2484 307 2542 Petro
330 2492 361 2542 et
382 2483 537 2542 Ecclesiae
549 2485 704 2542 Romanae
718 2482 915 2542 devotissime
931 2480 1087 2550 dedicasti,
1109 2480 1146 2539 ab
1158 2480 1242 2540 omni
1256 2499 1320 2558 per·

100 2653 101 2656 Ἴ
114 2587 286 2649 turbatione
308 2597 450 2646 servetur
465 2588 615 2655 illaesum,
637 2584 674 2645 ad
692 2586 772 2665 quod
786 2585 917 2665 diligens
932 2580 1065 2645 studium
1081 2585 1256 2661 impendere
1272 2602 1320 2644 eu·

114 2692 231 2770 pimns
217 2702 267 2753 ιι
287 2708 411 2768 operam
433 2691 597 2773 effioaoem.

216 2795 380 2856 Praefatus
401 2815 475 2855 vero
497 2769 672 2855 Joannitius
695 2797 761 2857 sive
783 2794 1005 2871 Oalojohannes
1026 2796 1095 2855 Rex
1114 2795 1322 2874 Bnlgarorum

117 2908 148 2958 ιι
167 2897 333 2958 Blaoorum
354 2899 521 2976 respondit,
544 2897 652 2976 quod
643 2916 710 2976 rpse
730 2900 832 2961 audita
849 2900 1250 2978 captioneregiaeoivitatis
1269 2897 1322 2954 mi·

117 3010 202 3062 serat
223 3003 346 3063 nuntios
368 3012 399 3063 et
418 3003 538 3064 litteras
559 3002 597 3062 nd
617 3005 755 3075 Latinos,
777 3013 811 3064 ut
831 3021 899 3065 eum
921 3006 966 3064 eis
987 3022 1093 3081 paoem
1106 3002 1247 3072 baberet,
1268 3000 1321 3059 sed

116 3107 179 3186 ipsi
201 3107 230 3166 el
252 3107 473 3184 superbissime
493 3107 733 3185 responderunt,
755 3109 909 3179 dieentes,
931 3108 1011 3187 qnod
1032 3126 1137 3185 paoem
1158 3126 1218 3166 uon
1234 3106 1322 3165 babe-

118 3218 188 3269 rent
209 3227 278 3271 eum
299 3211 372 3281 illo,
402 3212 463 3271 nisi
483 3211 623 3272 redderet
644 3221 759 3272 terram
781 3213 818 3273 nd
839 3213 1202 3289 Constantinopolitannm
1225 3211 1317 3286 impe·

120 3315 201 3373 rium
222 3317 440 3392 pertinentem,
469 3334 558 3393 quam
581 3317 647 3393 ipse
670 3317 826 3378 invaserat
846 3318 1012 3385 violenter,
1044 3315 1153 3394 quibus
1182 3315 1251 3390 ipse
1272 3331 1319 3371 re·

69 3501 72 3506 .
120 3416 250 3494 spondit,
273 3418 351 3495 qnod
372 3427 457 3478 terra
477 3419 530 3477 illa
546 3417 662 3493 justius
684 3421 897 3497 possidebatur
918 3419 955 3480 ab
976 3421 1055 3498 ipso,
1078 3436 1167 3496 quam
1176 3418 1323 3477 Constan-

120 3521 264 3598 tinopolis
285 3522 497 3599 possidebatur
519 3523 556 3581 ab
577 3523 648 3582 illis.
661 3523 746 3582 'Nam
760 3525 827 3602 ipso
841 3532 1077 3602 recuperaverat
1091 3531 1218 3591 terram,
1233 3538 1321 3599 qnam

99 3611 102 3616 ¹
125 3627 342 3704 progenitores
364 3629 413 3686 sui
435 3628 617 3698 amiserant3
633 3627 687 3687 sed
701 3628 762 3706 ipsi
776 3629 1066 3706 Constantinopolim
1081 3632 1321 3704 occupaverant,

122 3748 198 3808 quae
221 3731 258 3789 ad
280 3749 333 3790 eos
354 3732 477 3791 minime
499 3731 678 3807 pertinebat.
699 3732 768 3808 lpse
788 3743 950 3809 praeterea
971 3750 1114 3793 eoronam
1136 3730 1224 3807 regni
1246 3728 1321 3804 legi·

118 3829 195 3894 time
209 3844 368 3912 receperat
381 3855 399 3895 a
414 3855 532 3896 summo
543 3835 709 3904 Pontidee3
729 3837 782 3896 sed
793 3839 870 3914 ipse,
881 3839 931 3915 qui
946 3856 980 3896 se
994 3834 1162 3916 appellabat
1176 3834 1321 3893 constan·

121 3937 351 4014 tinopolitannm
366 3942 534 4010 Basileum,
544 3949 686 4000 eoronam
695 3940 816 4017 imperii
830 3951 945 4001 temere
961 3949 1165 4020 usurpaverat
1177 3956 1196 3997 a
1210 3938 1321 4012 seipso.

121 4039 223 4115 Quare
244 4045 345 4121 potius
366 4044 404 4104 ad
424 4045 540 4122 ipsum,
562 4062 650 4123 quam
665 4043 701 4102 ad
722 4044 807 4104 illum
821 4046 980 4122 imperium
994 4042 1174 4122 pertinebat.
1193 4043 1321 4117 Ideoque

120 4145 178 4204 sub
199 4164 258 4210 uno
280 4149 414 4220 vexillo,
443 4150 521 4228 quod
544 4169 561 4211 a
583 4150 670 4212 beato
692 4150 784 4211 Petro
806 4160 983 4230 receperat,
1004 4151 1070 4212 eius
1091 4147 1230 4214 alaribus
1251 4143 1320 4204 inei·
