2746 4604
10 2462 22 2677 Ι

1136 155 1261 212 xxxix

55 289 154 378 gabo,
175 298 327 369 pugneret
346 288 528 354 fiducialiter
544 297 654 355 eontra
672 291 755 362 ilios,
776 292 828 371 qui
842 289 939 355 falsas
953 305 1062 353 cruces
1076 293 1143 353 suis
1159 291 1263 354 humo·

57 396 101 453 ris
121 393 556 472 praeferebant.1’rovoostus
577 396 674 474 igitur
696 415 714 455 a
733 396 852 455 Latinis
873 395 1050 473 compulsus
1070 397 1139 467 fuit,
1158 405 1194 457 ut
1213 395 1263 460 do·

55 499 195 559 fonderet
206 518 241 559 se
257 500 295 560 ab
310 499 373 561 illis
381 519 391 570 a
411 500 551 578 deditque
573 500 632 560 sibi
652 500 813 560 victoriam
833 501 1018 578 insperatam
1029 502 1127 570 Deus,
1149 501 1201 578 qni
1213 517 1264 560 su·

56 603 160 680 perbis
181 604 317 674 resistit,
342 602 506 665 humilibus
531 612 634 665 sutem
654 604 705 665 dat
731 605 887 682 gradama
921 606 1080 684 ipsamque
1100 605 1262 667 victoriam

56 706 144 767 beato
165 707 260 767 Petro
281 703 501 784 Apostolorum
521 707 649 785 principi
670 706 870 768 adscribebat.
899 708 1024 768 Dictum
1044 717 1146 768 autem
1168 710 1266 785 Impo-

56 821 192 871 retorem
213 810 251 871 sd
271 810 432 874 consilinm
452 829 542 872 auum
564 819 596 870 et
615 811 788 871 mandatum
819 812 930 871 summi
952 812 1110 873 Pontificio
1132 811 1264 871 libersre

57 934 113 975 non
127 923 262 993 poterat,
276 916 347 994 quia
360 915 493 976 debitum
508 915 611 975 carnis
624 915 811 985 exsolverat,
823 927 893 976 eum
907 933 1032 976 carcere
1044 911 1264 988 teneretur.”')

154 1019 276 1081 fioruit
296 1018 354 1080 boe
374 1038 484 1079 novum
504 1020 712 1081 Romanorum
743 1037 873 1098 regnum
900 1019 1048 1080 abbone
1070 1019 1170 1088 1186,
1202 1037 1262 1098 qno

57 1139 108 1198 per
120 1123 239 1183 fratres
247 1124 372 1184 Petrum
386 1125 795 1196 etbxienomrestauratum
818 1123 885 1192 fuit,
906 1122 1102 1210 subeptionis
1120 1130 1152 1183 et
1162 1122 1264 1181 valen·

56 1227 186 1287 tissimis
199 1227 337 1306 Regibus
351 1245 392 1287 ex
399 1226 616 1287 Axiauidarum
636 1226 752 1287 familia
773 1229 863 1297 ortis,
883 1227 1032 1305 usquead
1047 1245 1157 1287 annum
1171 1225 1263 1294 iaco.

58 1349 113 1407 qro
127 1349 148 1390 s
161 1331 305 1391 Tartaris
323 1331 519 1391 ineuntibus
539 1329 704 1399 turbatum,
725 1348 784 1391 non
806 1339 908 1390 tamen
929 1331 1068 1392 excisum
1081 1338 1142 1399 est,
1158 1329 1264 1407 ingru-

58 1435 177 1494 entibus
199 1444 301 1495 sutem
321 1432 444 1495 saeculo
465 1433 582 1494 decimo
602 1441 712 1513 quarto
727 1435 852 1503 turcis,
867 1434 951 1493 circa
971 1432 1108 1493 eimdem
1128 1431 1230 1501 tinem,
1243 1449 1264 1490 s
1354 1422 1357 1427 ’

58 1538 204 1614 anascto
223 1539 353 1600 flultono
374 1536 569 1618 subjugatum
590 1547 622 1598 et
641 1556 720 1597 anno
743 1536 827 1604 1892
846 1537 977 1598 deletum
999 1544 1058 1598 est.

643 1690 675 1754 5.

154 1839 251 1903 Turci
269 1840 425 1919 occupatis
446 1818 625 1918 provinciis·
636 1789 715 1902 citro
734 1837 909 1899 Danubium
929 1837 1021 1909 sitis,
1042 1836 1124 1897 ultra
1143 1854 1261 1897 amnem

59 1946 221 2026 progressi
242 1945 481 2005 florentissimos
500 1945 684 2005 infestarunt
704 1944 819 2003 Daciae
840 1942 966 2002 Traiani
988 1950 1105 2012 status,
1123 1940 1262 2021 egregiis

61 2058 120 2109 turn
140 2067 159 2109 a
180 2048 373 2126 Principibus
386 2048 573 2127 gubernatas
587 2058 619 2108 et
628 2048 808 2109 fortissimis
820 2047 938 2124 populis
950 2047 1173 2122 frequentatos,
1189 2063 1262 2124 quo·
1342 2060 1350 2085 Ι

64 2169 124 2210 rum
146 2152 300 2230 insignem
321 2152 465 2212 virtutem
484 2153 576 2211 vicini
589 2152 698 2211 Polcni
720 2159 768 2208 sat
789 2149 933 2210 admirari
954 2158 1012 2207 non
1034 2157 1183 2225 poterant.
1201 2145 1261 2221 „Hi

63 2274 161 2315 eorum
182 2255 288 2335 lingua
307 2230 447 2325 Homini,
469 2248 755 2333 (nicomedense)
778 2253 961 2321 allemania,
976 2260 1083 2312 nostra
1108 2249 1262 2312 Waloebi

64 2358 96 2416 ab
116 2359 203 2418 italis
224 2359 431 2438 appellantur;
466 2355 601 2434 Wloesp
622 2358 701 2418 enim
722 2357 866 2427 Poionis,
894 2357 974 2416 idem
995 2365 1061 2427 cst,
1083 2355 1162 2437 quod
1181 2351 1259 2417 Itan·

62 2463 187 2533 Latinis,
209 2482 337 2541 quorum
357 2463 447 2540 regio
468 2461 634 2534 Molduvim
655 2462 744 2539 quasi
765 2461 869 2520 maior
881 2458 999 2532 Dacia,
1019 2460 1112 2539 vulgo
1125 2459 1259 2521 nomina·

63 2576 116 2627 tur.
147 2566 190 2626 tn
219 2576 344 2637 natura,
377 2565 512 2626 moribus
538 2583 575 2626 ac
601 2567 707 2644 lingua
730 2583 792 2625 non
821 2565 947 2624 multum
968 2582 987 2624 e
1008 2564 1127 2624 cultura
1153 2563 1258 2623 ltaliae

11 2686 19 2707 ³
64 2671 175 2740 absum,
197 2678 326 2750 suntque
347 2668 487 2730 homines
508 2671 585 2739 feri,
607 2686 796 2748 magnaeque
816 2670 958 2738 virtutis3
981 2685 1078 2746 neque
1100 2669 1160 2728 alia
1180 2685 1258 2747 gens

17 2858 23 2869 .
61 2784 119 2846 est,
141 2792 218 2853 quoe
238 2793 294 2853 pro
316 2775 417 2854 gioria
436 2775 508 2836 beili
528 2784 559 2834 et
579 2774 773 2843 fortitudine,
800 2773 996 2852 sngusdores
1018 2772 1094 2830 fines
1116 2788 1185 2845 cum
1206 2769 1258 2829 ba·

9 3234 32 3519 Ι

9 3524 35 3885 Ι

11 4141 18 4178 '⁴
149 4167 217 4207 num
236 4152 386 4207 duxerunt.
480 4176 483 4180 ·

16 2872 23 2903 '
61 2877 131 2949 best,
151 2879 257 2958 plnres
278 2896 318 2938 ex
331 2877 553 2957 propinquitate
569 2877 676 2937 bostee
693 2877 853 2947 sustineat,
875 2877 985 2956 quibus
1002 2876 1191 2935 continenter
1205 2882 1258 2933 ant

63 2980 164 3042 bellum
184 2982 287 3056 infert,
308 2991 362 3042 sot
375 2962 493 3042 illatum
509 2982 650 3043 defendit
671 2981 771 3042 Habet
785 2981 822 3040 ab
843 2989 913 3040 ortu
934 2978 1095 3047 Moesiam,
1117 2976 1154 3036 ab
1171 2994 1257 3037 occa·

63 3087 262 3156 suiiussiam.
283 3085 431 3147 amende
448 3087 710 3155 Transssvanism,
724 3104 743 3146 a
756 3083 974 3163 septemtrione
990 3080 1149 3159 Scythiam
1166 3075 1254 3162 [Tan
1356 3077 1364 3093 ⁸

104 3441 284 3509 ⁴)destatur
300 3443 356 3497 hoo
371 3441 457 3496 ettam
474 3440 670 3495 bfsrmeslcos
688 3438 723 3491 G.
741 3436 973 3493 ville-Hardouin
991 3436 1018 3504 i.
1033 3439 1092 3490 2³⁰.
1110 3437 1200 3488 »bers
1214 3431 1255 3486 di·

148 3537 243 3585 strent
259 3531 286 3584 if
296 3533 391 3586 ltaron
410 3542 464 3599 que
487 3530 509 3582 il
530 3529 645 3584 ancient
660 3527 781 3585 maintes
797 3526 854 3580 fois
870 3524 900 3579 oi
916 3527 977 3581 dire
995 3538 1049 3593 que
1066 3523 1255 3592 l’Emperer-es

149 3619 278 3674 ffludoin
301 3614 350 3675 fre
366 3633 447 3674 mora
464 3632 498 3672 en
516 3618 545 3670 ln
563 3617 662 3686 prison
679 3613 828 3677 Jobannis,
847 3613 946 3667 mesti
963 3614 1021 3667 n‘ei
1038 3610 1165 3665 oreoient
1182 3609 1253 3670 mico

148 3706 304 3761 etlteniers
318 3706 485 3762 de'l'ritdist
496 3719 551 3773 que
562 3717 635 3771 pour
651 3702 713 3756 scir
730 3699 778 3756 fre
795 3708 922 3766 morast
937 3701 959 3755 u
974 3703 1000 3755 le
1015 3699 1141 3754 crdrent.
1156 3697 1231 3750 bfuit
1245 3695 1254 3748 i

149 3801 181 3851 ot
197 3796 234 3849 de
250 3795 310 3849 cels
327 3795 375 3863 qui
392 3809 426 3848 en
444 3795 539 3849 iurent
555 3792 665 3855 dolent,
683 3805 717 3843 se
733 3791 755 3843 il
771 3789 799 3843 lc
816 3795 953 3857 peussent
969 3790 1112 3844 emender
1137 3787 1174 3840 Et
1191 3783 1253 3837 ensi

146 3884 260 3938 vlnrent
277 3885 305 3936 la
321 3885 385 3937 nult
400 3897 436 3937 en
452 3884 482 3937 ia
498 3883 581 3944 pilleo
598 3887 628 3934 et
644 3881 672 3933 af
689 3880 775 3933 mutin
793 3883 855 3931 s’en
873 3878 1022 3946 partirent,
1040 3883 1071 3930 et
1087 3873 1252 3943 guerpirent

148 3973 176 4028 le
187 3975 354 4036 Stsnemao,
373 3978 403 4026 et
418 3971 654 4028 cbeunucbierent
670 3982 722 4036 par
739 3968 813 4021 deux
828 3969 920 4033 lorus.
933 3968 1009 4020 thc
1025 3962 1183 4019 clarissime
1200 3961 1252 4016 fal·

150 4078 185 4115 ss
198 4076 264 4116 esse
280 4063 431 4128 ridentur,
461 4074 535 4131 quoe
552 4058 664 4127 'l'ragici
688 4058 723 4111 de
747 4057 913 4118 erudelitate
931 4053 1067 4115 doannitii
1092 4052 1120 4106 in
1144 4049 1255 4105 Baidui
