2746 4604
43 168 45 177 ‚
89 67 172 138 ’111111

88 220 223 283 triarcba
244 237 331 282 meus
352 215 612 296 metropolitanus,
633 214 776 296 Episcopi
791 221 822 277 et
835 211 1066 295 Archiepiscopi
1082 224 1113 275 et
1125 212 1223 275 cuncti
1235 213 1289 274 Sa·

89 324 231 385 cerdctes
260 325 415 384 Romanae
445 321 565 382 subsint
584 317 761 392 Ecclesiae,
790 331 821 380 et
841 329 964 379 teneant
977 321 1077 398 legem
1084 360 1096 396 ,
1118 330 1148 378 et
1163 303 1290 378 consue·

91 427 224 488 tudinem
246 438 277 488 et
298 427 553 495 observationem,
564 443 638 503 quas
656 433 818 485 tenuerunt
837 423 947 486 beatae
969 425 1134 484 memoriae
1156 426 1289 501 Impera·

88 532 173 594 tores
194 533 289 591 totius
309 531 475 611 Bulgariae
497 539 528 589 et
546 532 681 609 Blaelae,
702 527 797 604 prisci
832 529 876 589 illi
897 527 995 587 nostri
1016 528 1288 605 praedecessores,

56 694 59 701 ,
88 646 120 696 et
139 653 196 696 nos
219 636 324 695 eodem
346 635 434 695 modo
456 636 588 712 vestigia
609 646 714 694 eorum
736 634 900 692 imitantes.
924 632 1092 712 subsignat
1114 643 1213 691 autem
1235 633 1290 689 im·

87 739 204 817 perium
227 756 327 796 meum
350 738 387 797 ad
409 740 605 797 securitatem
628 736 849 812 chrysobolum
872 754 972 804 suum,
995 737 1073 812 quod
1091 748 1241 811 nunquam
1253 733 1290 792 ab
1309 714 1311 718 Ι

85 842 225 902 Ecclesia
238 844 387 922 Romana,
409 851 439 900 et
459 841 496 899 ab
519 834 686 919 apostolica
707 840 790 918 sede,
812 840 948 916 principe
960 840 1176 915 Apostolorum
1185 838 1288 905 Petro,

87 931 186 1024 ipsum
199 945 341 1005 videlicet
360 945 521 1027 superium
536 962 637 1028 ,meum
650 936 794 1015 discedet,
816 962 913 1021 neque
930 945 983 1002 arn
997 944 1117 1020 imperit
1134 943 1290 1000 mererin-

86 1052 170 1127 cipes
193 1047 470 1129 disgregabuntur,
492 1047 546 1106 sed
567 1057 600 1105 ut
619 1056 745 1106 vocatus
768 1048 897 1106 dilectus
918 1046 1006 1106 filius
1023 1055 1238 1106 sacrosanctae
1259 1053 1291 1103 et

86 1155 270 1232 apostolicae
290 1154 444 1211 Romanae
467 1151 560 1221 sedis,
581 1152 726 1228 principis
746 1151 961 1229 Apostolorum
975 1152 1060 1209 Petri
1075 1169 1138 1208 ero.
1159 1152 1197 1207 Et
1211 1149 1290 1207 deiu-

86 1274 158 1334 ceps
181 1273 376 1334 quascunque
397 1262 497 1313 terras
521 1253 764 1313 Christianorum
788 1274 843 1315 seu
865 1255 1052 1332 paganorum
1074 1273 1173 1312 meum
1190 1251 1290 1328 acqui·

87 1360 197 1420 siverit
217 1358 388 1435 imperium,
410 1357 466 1416 sub
487 1367 635 1436 potestate
657 1367 688 1416 et
700 1359 838 1418 mandato
855 1359 989 1417 ciusdem
1007 1359 1289 1416 sacrosanctaello·

86 1481 192 1523 manae
213 1461 372 1522 Ecclesiae
394 1471 423 1520 et
444 1462 628 1538 apostolicae
649 1463 732 1521 sedis
753 1472 852 1522 erunt.
884 1465 923 1521 Et
944 1471 976 1521 ut
997 1479 1143 1538 praesens
1156 1461 1289 1536 Chryso·

85 1566 197 1627 bolum*
207 1566 327 1642 imperii
347 1565 407 1625 mei
428 1575 527 1624 ratum
549 1575 579 1626 et
599 1565 719 1625 firmum
741 1565 898 1633 habeatur,
919 1565 985 1624 dedi
1007 1566 1167 1641 imperium
1188 1581 1289 1621 meum

22 1711 23 1714 η
85 1670 117 1730 in
139 1668 278 1728 manibus
299 1669 547 1727 reverendissimi
568 1669 789 1728 viriJobannis
811 1678 1025 1728 sacrosanctae
1039 1671 1193 1727 Romanae
1206 1666 1287 1725 sedis

84 1773 195 1853 Legati
216 1782 248 1832 et
267 1773 392 1830 Domini
413 1774 513 1849 Papae
536 1774 701 1873 capellani,
722 1775 753 1830 in
775 1791 834 1849 que
854 1782 884 1831 ct
898 1782 1037 1831 nostrum
1051 1773 1133 1848 pium
1150 1778 1181 1830 et
1195 1773 1286 1829 aDeo

84 1885 256 1956 promotum
279 1875 414 1953 signavit
434 1875 593 1954 imperium
609 1865 686 1936 anno
699 1858 920 1936 sexmillesimo
930 1877 1202 1958 septingentesimo
1216 1875 1290 1934 duo·

86 1981 213 2050 decimo,
235 1979 399 2039 indictione
421 1981 559 2056 septima

184 2068 273 2144 'tuicio
286 2083 591 2161 praetereaBlasium
599 2081 911 2141 Brendizubercnsem
924 2034 1105 2158 Episcopum
1121 2099 1190 2141 cum
1202 2098 1288 2157 prae·

1 2246 6 2257 .
85 2192 148 2252 l'ato
169 2190 289 2248 ι11111111
304 2187 476 2264 capellano,
498 2204 553 2263 per
574 2204 662 2264 quem
684 2196 715 2246 et
736 2186 881 2265 quaedam
903 2187 1057 2245 donaria
1048 2204 1079 2243 rn
1102 2186 1224 2263 signum
1240 2185 1287 2243 de·

86 2293 216 2356 vodonis
233 2293 364 2350 Domino
377 2293 477 2368 Papae
498 2292 679 2360 transmisit,
702 2300 732 2350 et
748 2292 868 2350 litteras
883 2290 963 2348 bunc
977 2299 1115 2349 tenorem
1129 2288 1285 2346 babentes.

185 2396 388 2456 Sanctissimo
411 2404 442 2454 11
470 2394 652 2454 dominatori
674 2405 704 2454 et
724 2395 890 2453 universali
911 2396 1012 2471 Papae
1035 2392 1151 2451 sedenti
1168 2393 1198 2450 iu
1215 2389 1286 2452 sede

85 2503 165 2563 beati
184 2501 270 2560 Petri
293 2507 324 2557 et
343 2498 464 2558 domino
482 2500 561 2576 patri
583 2499 671 2576 regni
693 2499 753 2557 mei
774 2499 865 2558 tertio
887 2499 1060 2556 Innocentio
1082 2500 1182 2575 Papae
1203 2498 1286 2557 sedis

85 2605 271 2685 apostolicae
293 2612 323 2661 et
343 2603 501 2662 Ecclesiae
521 2604 677 2661 Romanae
698 2612 729 2661 et
745 2603 893 2680 magistro
906 2599 1125 2681 totiuslmundi.
1143 2603 1243 2679 Spero
1256 2604 1286 2660 in

85 2713 185 2771 Deum
207 2709 390 2768 salvatorem
413 2708 556 2782 omnium,
579 2706 657 2783 quod
671 2705 746 2765 bene
768 2716 799 2766 et
819 2706 945 2765 multum
962 2706 1037 2765 bene
1058 2707 1157 2765 valeat
1178 2708 1288 2765 saneti·

85 2825 134 2877 tas
155 2823 207 2874 tua
226 2830 294 2872 cum
316 2810 455 2869 dumibus
477 2810 651 2869 sedentibus
672 2812 755 2870 circa
776 2809 917 2869 thronum
939 2813 1109 2871 sanctitatis
1131 2811 1287 2869 11111011-

85 2914 236 2981 dlualibus
257 2923 379 2974 sanctae
401 2916 554 2975 Ecclesiae
578 2917 740 2985 Romanae.
760 2896 899 2991 'Noverit
918 2933 1029 2992 magna
1050 2914 1197 2972 sanctitas
1219 2922 1287 2989 tua,

86 3021 165 3102 quod
186 3019 349 3098 ego·lilius
370 3026 440 3076 tuus
462 3027 494 3078 et
514 3019 669 3076 Ecclesiae
690 3015 855 3093 Romanae,
876 3016 1045 3094 imperator
1067 3018 1200 3076 emnium
1216 3017 1288 3075 Bul·

86 3133 231 3206 generum
247 3132 278 3181 et
292 3123 456 3181 Blacorum
477 3138 547 3180 cum
569 3120 708 3179 omnibus
728 3120 924 3198 principibus·
937 3112 1057 3199 imperii
1077 3121 1138 3179 mei
1159 3120 1288 3178 multum

85 3229 162 3289 bene
183 3245 251 3286 sum
272 3244 327 3303 per
349 3227 449 3284 Deum
470 3234 502 3285 et
522 3227 689 3283 orationem
711 3233 806 3286 tuam.
834 3224 991 3284 Multoties
1012 3226 1097 3283 misit
1124 3223 1288 3299 imperium

84 3349 186 3395 meum
206 3330 327 3389 nuntios
348 3347 422 3388 suos
444 3328 481 3388 ad
503 3330 694 3389 sanctitatem
715 3337 815 3396 tuam,
843 3328 898 3386 sed
919 3346 977 3386 non
999 3329 1179 3387 invenerunt
1200 3343 1289 3403 opor·

84 3437 243 3498 trinitatem
264 3432 439 3492 transeundi
459 3433 497 3493 ad
518 3433 710 3492 sanctitatem
732 3441 825 3492 tuam.
847 3431 916 3491 ldeo
939 3443 1022 3492 certe
1043 3451 1102 3491 nen
1124 3404 1289 3509 potueruut

84 3540 235 3621 transire,
256 3539 329 3615 quia
349 3538 407 3605 illi,
430 3538 561 3614 quinon
583 3535 733 3595 habebant
754 3555 858 3613 pacem
881 3556 948 3595 cum
972 3537 1099 3613 imperio
1121 3553 1200 3603 meo,
1223 3553 1288 3593 ser·

84 3645 196 3704 tabant
224 3630 300 3702 vias.
329 3642 442 3700 Postea
463 3624 567 3700 mense
588 3641 674 3698 Junii
695 3643 860 3717 praeterito
885 3641 1045 3717 imperium
1073 3657 1174 3697 meum
1203 3637 1290 3696 misit

84 3741 353 3824 slrcbiepiseepum
383 3761 484 3803 meum
512 3754 543 3803 et
564 3746 656 3804 totius
678 3745 843 3821 Bulgariae
872 3745 1010 3823 regionis
1032 3754 1061 3802 et
1081 3742 1288 3802 universalem

85 3858 209 3912 sanctae
230 3858 262 3909 et
282 3866 409 3927 magnae
431 3848 593 3914 Triuovae,
616 3855 646 3904 et
666 3866 809 3925 magnum
831 3848 1008 3906 bominem'
999 3848 1119 3923 imperii
1133 3847 1204 3914 mei,
1226 3862 1289 3902 me·

84 3952 144 4017 1111
165 3945 349 4013 nominatum
369 3950 535 4010 Primatem
556 3956 587 4010 11
599 3939 871 4028 Arcbiepiscopum
886 3948 980 4011 totius
990 3951 1158 4029 Bulgariae
1173 3956 1205 4006 et
1217 3948 1287 4006 Bla-

84 4062 149 4125 eiae
169 4055 464 4126 nemineBasilium;
487 4055 539 4134 qul
560 4072 628 4115 cum
643 4056 836 4134 pervenisset
849 4049 1048 4124 Duracbium,
1071 4072 1129 4114 non
1148 4051 1206 4112 luit
1218 4071 1287 4128 per·
