2746 4604
132 209 228 262 XXVI

132 353 218 406 strae
238 345 419 426 religiosum
440 343 569 405 electum
582 338 898 404 Braudiaulrereusem
918 338 1038 401 iidelem
1058 338 1328 416 nostruml'reshy·

130 457 232 511 terum
251 438 390 510 Blasium
410 466 471 509 una
491 464 560 509 eum
580 432 662 507 fideli
682 445 786 505 nuntio
815 455 920 505 vestro
941 445 1213 523 Arehipresbytero
1232 447 1330 503 Brun·

132 553 252 623 dusino,
273 555 444 614 referentes
464 552 553 612 vobis
575 570 614 611 cx
634 558 721 628 parte
741 559 848 609 nostra
870 550 1040 628 gratiarum
1062 550 1195 608 actiones
1217 556 1248 607 et
1260 546 1331 606 ami·

132 658 239 733 citiapp
259 664 290 718 et
310 657 490 737 servitium,
512 657 593 715 sicut
613 654 692 732 patri
716 653 869 730 spirituali
889 663 921 713 et
941 671 1058 712 summo
1080 653 1228 712 Pontifici.
1256 650 1330 709 San·

132 760 270 821 ctissime
290 768 393 838 pater,
422 759 621 838 significastis
641 756 729 816 uotis
750 776 806 835 per
827 775 933 819 sacras
954 759 1074 818 litteras
1094 766 1233 831 vestras,
1254 753 1332 832 quod

132 882 190 924 uos
211 863 456 941 significaremus
476 862 582 937 vobis,
613 860 684 938 quid
705 860 743 920 ab
762 859 903 920 Ecclesia
923 864 1059 921 Romana
1086 869 1234 937 petamus.
1263 856 1332 916 lloc

132 975 234 1027 sutem
254 968 330 1044 petit
350 967 512 1043 imperium
532 975 670 1024 nostrum
692 964 728 1023 ab
750 967 916 1042 apostoliea
937 965 1029 1036 sede,
1049 974 1083 1025 ut
1104 982 1160 1024 nos
1182 963 1278 1021 simus
1299 961 1330 1019 iu

130 1071 271 1130 Ecclesia
279 1072 417 1130 Romana
439 1071 519 1129 sicut
539 1070 648 1128 matris
669 1069 819 1139 filialitate
839 1069 962 1129 firmati.
983 1070 1136 1147 Imprimis
1149 1068 1279 1145 petimus
1295 1063 1331 1122 ab

130 1173 272 1235 Ecclesia
292 1174 429 1232 Romana
450 1180 547 1232 matrs
568 1181 675 1231 nostra
695 1189 839 1233 eoronam
860 1179 892 1234 ei
910 1150 1074 1241 honorem,
1096 1183 1238 1250 nuquam
1258 1169 1329 1229 dile·

133 1286 202 1337 ctus
223 1276 327 1347 tilius,
356 1276 520 1350 secundum
541 1276 620 1354 quod
641 1271 847 1353 Imperatores
874 1278 976 1337 nostri
1002 1286 1125 1336 veteres
1154 1275 1329 1335 hahuerunt.

131 1381 219 1443 Unus
239 1381 299 1442 iuit
316 1383 429 1441 Petrus
450 1380 528 1439 adas
549 1380 684 1451 Samuel,
705 1390 738 1441 et
757 1382 822 1451 alii,
845 1383 897 1460 qul
920 1400 974 1441 cos
995 1382 1026 1440 in
1047 1383 1174 1458 imperio
1195 1393 1331 1457 praeces·

132 1494 250 1555 serunt,
272 1485 353 1546 siout
371 1486 402 1544 lu
423 1484 512 1544 libris
533 1485 649 1546 uostris
670 1485 841 1545 invenimus
863 1504 934 1546 esse
950 1486 1203 1563 seriptum..Nuuo
1221 1491 1330 1549 autem,

131 1589 160 1648 sl
182 1588 326 1666 plapitum
348 1599 397 1650 cst
416 1589 589 1662 auctoritati
610 1599 731 1649 vestrae
752 1588 840 1649 nobis
861 1589 943 1650 istud
963 1591 1103 1668 implere,
1125 1586 1266 1668 quioquid
1278 1586 1329 1644 im·

126 1692 216 1769 perio
238 1700 344 1752 nostro
367 1691 517 1752 duxeritis
539 1691 754 1771 injungendum
775 1691 979 1752 adhererem
992 1694 1053 1753 Dei
1068 1689 1328 1754 etidcclesiaelt'o·

17 1801 19 1807 ’
125 1812 235 1875 manae
256 1796 466 1873 complebitur.
486 1798 550 1856 Nee
571 1791 723 1855 miremini
744 1786 823 1872 quod
843 1798 966 1856 nuntius
979 1809 1085 1858 vester
1101 1799 1191 1858 citius
1205 1815 1266 1857 uon
1280 1812 1325 1854 re·

125 1896 181 1969 tit,
203 1900 273 1976 quia
293 1919 351 1961 nos
373 1902 518 1978 suspicati
539 1901 652 1960 fuimus
673 1898 787 1976 aliquid
808 1908 914 1960 eontra
935 1920 1020 1973 eum,
1042 1903 1112 1981 quia
1133 1902 1219 1960 multi
1238 1916 1326 1958 venc-

124 2013 198 2065 ruut
216 2005 248 2064 iu
269 2006 428 2082 imperium
450 2015 589 2065 nostrum
604 2000 661 2063 no's
677 2004 817 2080 decipere
832 2005 1013 2084 cogitantes,
1035 2005 1089 2065 sed
1099 2024 1167 2074 ¹uos
1181 2003 1219 2064 ab
1234 2003 1326 2087 omni·

123 2106 183 2170 lius
203 2108 280 2168 bene
301 2112 442 2173 norimus
463 2107 667 2188 praecavere'3
699 2107 753 2166 sed
774 2125 831 2167 nos
851 2126 907 2185 pro
929 2130 966 2170 eo
987 2111 1193 2170 testimonium
1212 2105 1326 2183 recepi·

123 2229 194 2271 mus
214 2212 417 2283 Praetextati,
439 2223 470 2274 οῖ
490 2215 520 2274 ei
541 2214 758 2291 acquievimus.
778 2213 896 2272 Verum
917 2214 946 2272 si
968 2215 1066 2290 placet
1079 2214 1178 2292 vobis,
1200 2210 1327 2271 sanctis·

124 2317 204 2376 sime
224 2326 321 2395 pater,
342 2318 452 2378 mittite
471 2319 558 2378 nohis
579 2336 709 2396 magnos
731 2319 870 2395 nuutios,
892 2317 928 2376 de
950 2317 1058 2396 quihus
1080 2317 1168 2376 nobis
1180 2335 1235 2392 per
1248 2314 1327 2373 litte·

100 2479 101 2483 ,
122 2438 177 2480 ras
197 2420 370 2491 nuntiastis,
394 2431 425 2482 et
444 2423 538 2482 istum
559 2422 707 2480 destinate
728 2439 797 2481 cum
818 2423 881 2487 eise
903 2430 934 2481 et
954 2430 1027 2482 tunc
1047 2419 1281 2481 certificabimur
1291 2416 1327 2475 de

122 2523 223 2600 prims
244 2523 389 2584 missione
412 2528 527 2603 pariter
535 2535 566 2585 et
575 2525 716 2586 secunda.
731 2527 793 2585 Det
802 2526 890 2584 vobis
900 2526 1049 2585 Dominus
1057 2526 1169 2584 multos
1184 2516 1326 2596 annos.*)

224 2628 361 2689 Basilius
383 2647 503 2708 quoque
524 2630 730 2708 Bulgarorum
750 2629 1007 2707 Archiepiseopus
1034 2629 1124 2690 huius
1145 2625 1226 2688 modi
1247 2626 1326 2684 litte·

122 2748 177 2792 ras
198 2732 328 2791 Domino
349 2733 450 2810 Papae
471 2734 652 2794 transmisit

74 2900 80 2916 ,
223 2832 491 2898 Honorautissimo
513 2848 545 2897 et
564 2839 758 2899 sanctissimo
780 2856 898 2900 summo
912 2833 1052 2900 Pontifici
1064 2839 1176 2914 Papae,
1198 2834 1325 2913 egoBs·

123 2937 214 2998 silius
241 2935 385 3018 indignus
406 2942 663 3019 Archiepiseopus
686 2943 856 3003 sanctitatis
876 2953 1000 3004 vestrae
1027 2954 1058 3003 et
1084 2951 1189 3020 pastor
1209 2939 1246 2998 de
1268 2940 1325 2996 za·

109 3038 214 3122 gera,
236 3043 383 3114 salutem,
405 3045 547 3123 gaudium
569 3054 600 3105 et
619 3045 824 3107 adorationem
846 3049 956 3108 merito
977 3047 1065 3108 vohis
1082 3054 1223 3122 tanquam
1243 3041 1325 3128 patri

122 3155 230 3206 nostro
252 3147 414 3226 spirituali.
445 3149 591 3224 Quamvis
612 3167 672 3209 non
693 3169 857 3228 possumus
878 3170 935 3211 vos
957 3150 1158 3226 corporaliter
1178 3146 1324 3213 adorare,

120 3266 180 3309 vos
207 3258 308 3309 tamen
337 3252 536 3329 spiritualiter
558 3254 736 3324 adoramus,
769 3249 960 3314 notificantes
993 3254 1145 3313 sanctitati
1181 3261 1324 3317 vestrae,

121 3350 202 3429 quod
223 3371 292 3412 eum
312 3373 369 3413 nos
390 3354 519 3414 vidimus
533 3338 661 3416 missum
683 3376 702 3415 a
721 3355 1324 3433 vohisDomiuieumArchipresbyterum

120 3455 359 3528 Brundusinam,
380 3461 446 3519 Deo
469 3462 585 3545 gratias
608 3463 739 3535 egimus,
761 3463 893 3539 quinon
916 3461 1054 3537 despexit
1067 3479 1123 3519 nos
1138 3458 1269 3517 humiles
1292 3463 1324 3514 et

120 3558 265 3638 indignos
286 3579 395 3621 servos
417 3581 491 3624 suos
505 3557 676 3631 esurientes
699 3574 730 3625 et
750 3567 888 3627 sitientes
900 3564 1034 3645 gratiam
1043 3573 1074 3625 et
1083 3562 1322 3624 benedictionem

115 3763 524 3788 Μ

169 3930 382 4009 *mumurque
397 3938 477 3991 novit
495 3939 613 4006 uulgare
631 3942 787 3995 Romanum
802 3939 920 4006 idioma,
933 3942 1016 3996 facilc
1044 3941 1229 4003 convincetur
1248 3937 1322 3988 lrane

220 4023 368 4089 epistolam
380 4026 474 4093 prouti
487 4027 572 4094 ctiam
586 4033 738 4094 sequentes
752 4026 787 4080 ab
800 4028 899 4082 eodem
912 4017 1056 4090 ioannltlo
1069 4030 1187 4096 missas,
1213 4040 1249 4078 ex
1266 4024 1320 4075 hoc

218 4109 246 4162 in
261 4111 378 4165 latinum
389 4113 543 4168 translatas
557 4115 665 4183 inisset
683 4129 782 4169 omues
795 4117 870 4170 enim
886 4119 1007 4184 phrases
1020 4117 1055 4171 ab
1073 4116 1153 4184 initio
1171 4125 1264 4180 usque
1285 4112 1319 4163 ad

204 4195 293 4250 tinem
302 4199 336 4250 id
342 4192 486 4255 redolent.
