2746 4604
1096 186 1099 195 ’
1194 214 1301 271 xxvn

98 359 218 427 sauctae
240 351 407 416 catholicae
428 360 458 413 et
480 351 664 430 apostolicae
686 353 785 428 sedium
808 355 878 433 qula
899 353 1023 413 Domini
1045 356 1144 415 nostrl
1165 355 1297 432 impera·

97 463 180 525 tores
202 465 311 523 etnos
332 457 486 518 voluimus
506 475 524 516 a
544 457 647 517 multis
670 459 756 516 annis
779 458 901 518 mittere
916 458 1036 529 advos,
1058 459 1111 545 sed
1127 476 1188 519 non
1204 458 1301 536 potui·

94 578 176 637 mus,
197 570 229 619 et
249 579 328 621 nunc
348 579 404 639 per
423 561 609 620 voluntatem
631 563 762 638 potentis
783 562 842 620 Dei
859 571 1022 621 etvestrae
1034 563 1218 641 sanctitatis,
1231 562 1302 641 quia

93 664 225 723 misistis
247 663 507 726 Domino'nostro
522 666 702 742 Imperatori
723 666 890 724 orationem
907 672 938 725 et
953 665 1201 735 benedictionem,
1213 662 1301 725 valde

92 766 169 827 bene
193 768 322 826 fecistis.
343 769 408 827 Nos
429 778 529 827 autem
549 767 626 826 baec
647 767 684 826 ab
702 769 891 844 Imperatore
904 764 1069 845 discentes,
1091 769 1142 846 qui
1156 768 1230 827 iecit
1243 785 1300 828 nos

94 872 394 942 vocari,levavimus
416 891 523 932 manus
545 871 581 931 ad
603 872 721 931 coelum
742 889 811 930 cum
832 871 977 929 universo
999 858 1109 948 pdpulo
1130 871 1176 930 sic
1197 870 1296 931 die'en·

94 986 159 1036 tes:
182 976 304 1035 Memor
324 977 382 1035 luit
402 977 501 1035 nostri
516 977 676 1046 Dominus,
687 976 765 1056 quod
778 995 835 1035 nos
849 993 908 1033 non
924 975 1135 1052 cogitavimus.
1143 973 1228 1034 Unde
1241 992 1299 1034 nos

94 1098 200 1139 omnes
215 1081 302 1156 parvi
323 1090 354 1140 et
374 1082 487 1159 magni,
511 1081 590 1140 sieut
602 1081 674 1139 boni
694 1080 748 1139 filii
770 1056 916 1157 rodamus
937 1097 1005 1147 vos,
1027 1079 1107 1137 sicut
1123 1079 1234 1138 bonum
1249 1095 1300 1154 pa·

94 1194 192 1253 trem,
214 1194 249 1244 ut
268 1186 417 1244 Dominus
439 1194 546 1244 noster
567 1187 752 1262 imperator,
782 1183 860 1261 quod
881 1183 956 1259 petit
975 1201 993 1241 a
1013 1182 1120 1250 vobis,
1149 1179 1300 1251 obtineat,

93 1289 166 1366 quia
186 1287 300 1365 dignus
323 1298 370 1347 est
389 1288 448 1348 boc
470 1288 625 1356 obtinere3
649 1287 720 1365 quia
742 1287 807 1363 ipse
829 1303 864 1344 ac
881 1295 976 1344 totum
990 1286 1151 1363 imperium
1166 1287 1233 1344 eius
1247 1283 1300 1344 bo·

93 1408 163 1451 nam
185 1391 376 1450 devotionem
397 1392 434 1451 ad
454 1392 623 1451 Ecclesiam
645 1392 813 1448 Romanam
835 1389 961 1467 babent,
989 1397 1131 1467 tauquam
1151 1388 1299 1448 haeredes

92 1495 312 1554 descendentes
335 1515 352 1554 a
374 1497 521 1572 sanguine
543 1496 762 1555 Romanorum,
785 1493 861 1551 Item
883 1510 1029 1570 rogamus
1044 1491 1235 1550 sanctitatem
1248 1509 1300 1549 ve·

90 1608 211 1670 stram,
239 1597 317 1674 quod
339 1599 401 1656 sint
421 1598 509 1656 vobis
532 1596 784 1663 recommendati,
813 1594 895 1654 filius
923 1596 1027 1654 socius
1048 1604 1155 1654 noster
1173 1595 1299 1654 Blasius

88 1702 260 1776 Presbyter
279 1701 575 1760 Brandiauberensis
598 1699 730 1769 electus,
753 1717 812 1757 una
835 1715 903 1756 cum
923 1694 1102 1759 fidelissimo
1124 1700 1227 1759 nuntio
1248 1716 1300 1758 ve·

88 1815 159 1867 stro
180 1806 341 1864 Dominieo
363 1805 638 1882 Archipresbytero
660 1803 875 1872 Brundusino,
905 1803 976 1878 quia
997 1803 1043 1862 eis
1065 1803 1217 1863 commisit
1236 1803 1299 1863 Do·

88 1911 192 1969 minus
214 1918 320 1967 noster
343 1908 563 1982 calojohannes
585 1912 833 1987 Imperatorsua
855 1914 976 1965 secreta
982 1926 992 1974 3
1015 1914 1045 1965 et
1059 1908 1137 1983 quod
1149 1892 1202 1966 isti
1217 1908 1298 1966 dixe·

88 1992 155 2075 rint
174 2010 263 2070 vobis
285 2019 315 2070 et
337 2021 461 2097 nostrae
483 2012 616 2082 litterae,
626 2013 747 2072 firmum
763 2011 911 2069 babeatis.
932 2013 971 2068 Et
984 2029 1143 2086 precamur
1158 2011 1299 2074 sanctitas

89 2125 154 2177 tem
174 2123 322 2186 vestram,
345 2115 423 2191 quod
445 2116 598 2176 festinetis
619 2126 742 2176 vestros
764 2115 886 2173 nuntios
908 2114 1070 2172 destinare.

192 2219 338 2294 Receptis
360 2219 409 2278 bis
430 2219 543 2279 litteris
564 2220 715 2279 Dominus
732 2221 814 2296 Papa
834 2217 1005 2276 transmisit
1025 2216 1062 2274 ad
1084 2216 1298 2293 eosJoannem

92 2321 289 2399 capellanum
313 2341 401 2409 snum
422 2341 490 2382 cum
513 2322 689 2400 apostolicis
710 2321 835 2396 scriptis
857 2317 1036 2377 habentibus
1050 2317 1131 2378 hunc'
1149 2328 1297 2381 tenorem.

193 2416 389 2499 Calojohanni
409 2428 540 2485 Domino
561 2427 725 2485 Blacorum
754 2433 784 2482 et
812 2422 1018 2501 Balgarorum
1050 2422 1218 2500 apostolica
1249 2442 1297 2482 so·

90 2529 147 2588 des
164 2573 174 2594 .
192 2574 225 2594 ..
248 2540 306 2594 etc,
328 2530 395 2590 Hoc
415 2531 510 2609 igitur
532 2531 718 2591 attendentes
735 2527 917 2604 jampridem
938 2526 1125 2586 nobilitatem
1145 2537 1228 2586 tuam
1241 2545 1297 2604 per

93 2635 232 2694 nuntium
253 2644 285 2693 et
303 2635 422 2694 litteras
444 2644 564 2694 nostras
586 2635 726 2693 duximus
747 2620 950 2701 visitandam,
966 2641 1001 2691 ut
1021 2632 1173 2691 intellecto
1188 2624 1192 2633 ’
1207 2632 1296 2691 devo·

93 2737 189 2816 tionis
200 2739 321 2821 affeetu
344 2755 432 2813 quem
453 2737 547 2796 hebes
569 2738 607 2821 ad
618 2740 787 2819 Romanam
801 2735 971 2794 Ecclesiam
986 2744 1113 2795 matrem
1128 2743 1221 2806 tuam,
1236 2753 1298 2815 ma·

90 2839 176 2914 iores
198 2841 235 2900 ad
257 2850 286 2900 te
309 2842 430 2926 nuntios
453 2842 643 2918 postmodum
664 2833 865 2906 mitteremus,
887 2840 938 2917 qui
960 2849 1021 2898 tarn
1042 2850 1089 2917 te,
1112 2841 1162 2917 qui
1184 2858 1222 2897 ex
1243 2856 1297 2898 uo·

95 2944 147 3002 bili
166 2946 375 3003 Romanorum
396 2946 539 3022 prosapia
559 2946 670 3004 diceris
688 2943 893 3013 descendisse,
915 2962 1003 3021 quarn
1019 2944 1178 3021 degentem
1193 2943 1250 3001 sub
1264 2951 1296 3001 te

95 3049 236 3126 populum
251 3049 344 3107 verbo
360 3059 522 3125 pascerent
544 3058 574 3108 et
594 3048 744 3127 e'xemplo,
767 3057 797 3106 et
812 3048 847 3106 de
869 3040 1076 3106 benevolentia
1092 3057 1122 3105 et
1135 3047 1235 3124 gratia
1248 3065 1298 3105 se·

95 3150 140 3211 dis
162 3153 349 3229 apostolicae
371 3152 532 3212 redderent
552 3155 724 3216 certiorem.
747 3147 883 3232 (Repetit
898 3161 1034 3209 tenorem
1047 3150 1302 3226 epistolaeJoan·¹

97 3257 186 3334 uitii.)
208 3257 320 3315 Petisti
341 3275 414 3315 vero
436 3256 607 3324 humiliter,
628 3265 662 3314 ut
682 3274 824 3337 coronam
846 3255 900 3314 tibi
916 3255 1055 3313 Ecclesia
1072 3255 1207 3313 Romana
1222 3271 1292 3314 con·

97 3360 224 3429 cederet,
247 3360 328 3419 sicut
348 3360 478 3419 illustris
500 3361 665 3419 memoriae
686 3361 790 3440 Petro,
811 3359 990 3432 Samueliet
1007 3358 1076 3417 aliis
1092 3356 1296 3436 progenitori·

97 3448 148 3541 bus
170 3459 244 3532 tuis,
266 3463 404 3522 inlibris
426 3467 486 3523 tuis
508 3466 621 3542 legitur
644 3466 847 3522 concessisse.
869 3465 932 3522 Nos
954 3465 1049 3541 igitur·
1070 3471 1104 3522 ut
1125 3478 1217 3538 super
1236 3458 1296 3519 hoc

97 3550 240 3642 majorem
261 3567 472 3626 certitudinem
494 3568 686 3636 haberemus,
708 3555 833 3645 regesta
853 3578 961 3627 nostra
976 3569 1094 3645 perlegi
1106 3567 1236 3624 fecimus
1252 3564 1295 3621 di·

98 3654 243 3746 ligantem
273 3691 312 3733 ex
334 3673 442 3750 quibus
464 3675 620 3734 evidenter
642 3683 781 3752 apparet,
811 3673 888 3750 quod
910 3674 939 3730 in
962 3682 1047 3732 terra
1066 3672 1120 3730 tibi
1142 3667 1294 3749 subjecta,

100 3775 181 3831 multi
202 3756 307 3853 Reges
329 3777 450 3837 fuerant
471 3781 617 3838 coronati.
645 3782 811 3857 Praeterea
840 3776 1048 3837 continebatur
1068 3776 1097 3832 in
1121 3775 1186 3850 eis,
1216 3772 1295 3849 quod

99 3884 231 3956 tempore
251 3881 348 3947 bonae
369 3885 533 3944 memoriae
541 3886 658 3943 Nicolai
666 3886 766 3961 Papae
778 3882 1025 3959 praedecessoris
1040 3878 1138 3937 nostri
1149 3879 1217 3935 Rex
1224 3877 1295 3934 Bul·

98 4000 250 4064 pacorum,
273 3986 310 4044 ad
331 3987 418 4046 cuius
440 3989 580 4047 consulta
601 3989 782 4065 saepissime
803 3985 1012 4063 respondebat,
1034 3990 1178 4042 cunrmto
1196 3997 1293 4056 regno

99 4087 152 4146 sibi
173 4091 340 4148 commisso
359 4090 395 4148 ad
415 4092 669 4167 praedicationem
692 4093 758 4150 eius
779 4093 879 4175 suerat
899 4077 1080 4169 baptizatus,
1102 4086 1211 4144 etRex
1228 4084 1294 4158 ipse

100 4190 130 4249 ab
149 4210 184 4252 eo
207 4191 479 4270 Arcbiepiscopum
500 4195 719 4272 postulaverat.
743 4195 880 4274 Legatos
895 4188 1317 4275 ιιιιιιιιιιι,ἲιὶἰιιιιιΐιιίιἳιιιῗζιιΧ
