<?xml version="1.0" encoding="UTF-8"?>
<!DOCTYPE html PUBLIC "-//W3C//DTD XHTML 1.0 Transitional//EN"
    "http://www.w3.org/TR/xhtml1/DTD/xhtml1-transitional.dtd">
<html xmlns="http://www.w3.org/1999/xhtml" xml:lang="en" lang="en">
 <head>
  <title>
</title>
<meta http-equiv="Content-Type" content="text/html;charset=utf-8" />
  <meta name='ocr-system' content='tesseract 3.04.00' />
  <meta name='ocr-capabilities' content='ocr_page ocr_carea ocr_par ocr_line ocrx_word'/>
</head>
<body>
  <div class='ocr_page' id='page_1' title='image "./tentamencriticu00laurgoog_0041.png"; bbox 0 0 2746 4604; ppageno 0'>
   <div class='ocr_carea' id='block_1_1' title="bbox 107 217 240 273">
    <p class='ocr_par' dir='ltr' id='par_1_1' title="bbox 107 217 240 273">
     <span class='ocr_line' id='line_1_1' title="bbox 107 217 240 273; baseline -0.008 -2"><span class='ocrx_word' id='word_1_1' title='bbox 107 217 240 273; x_wconf 68' lang='lat' dir='ltr'><strong>¹XXXV!</strong></span> 
     </span>
    </p>
   </div>
   <div class='ocr_carea' id='block_1_2' title="bbox 24 355 1365 4312">
    <p class='ocr_par' dir='ltr' id='par_1_2' title="bbox 24 355 1344 2200">
     <span class='ocr_line' id='line_1_2' title="bbox 118 355 1315 436; baseline -0.006 -18"><span class='ocrx_word' id='word_1_2' title='bbox 118 359 172 418; x_wconf 82' lang='lat' dir='ltr'><strong>sod</strong></span> <span class='ocrx_word' id='word_1_3' title='bbox 186 358 304 418; x_wconf 86' lang='lat' dir='ltr'><strong>tandem</strong></span> <span class='ocrx_word' id='word_1_4' title='bbox 319 357 350 417; x_wconf 88' lang='lat' dir='ltr'><strong>in</strong></span> <span class='ocrx_word' id='word_1_5' title='bbox 365 375 399 418; x_wconf 90' lang='lat' dir='ltr'><strong>sc</strong></span> <span class='ocrx_word' id='word_1_6' title='bbox 420 359 521 436; x_wconf 90' lang='lat' dir='ltr'><strong>ipsum</strong></span> <span class='ocrx_word' id='word_1_7' title='bbox 541 372 706 430; x_wconf 83' lang='lat' dir='ltr'><strong>reversus,</strong></span> <span class='ocrx_word' id='word_1_8' title='bbox 721 357 764 418; x_wconf 58' lang='lat' dir='ltr'><strong>iad</strong></span> <span class='ocrx_word' id='word_1_9' title='bbox 784 359 900 434; x_wconf 76' lang='lat' dir='ltr'><strong>patrem</strong></span> <span class='ocrx_word' id='word_1_10' title='bbox 921 356 1126 426; x_wconf 80' lang='lat' dir='ltr'><strong>conuertitur,</strong></span> <span class='ocrx_word' id='word_1_11' title='bbox 1141 355 1192 433; x_wconf 87' lang='lat' dir='ltr'><strong>qui</strong></span> <span class='ocrx_word' id='word_1_12' title='bbox 1213 369 1315 414; x_wconf 86' lang='lat' dir='ltr'><strong>oecur-</strong></span> 
     </span>
     <span class='ocr_line' id='line_1_3' title="bbox 119 459 1315 539; baseline -0.005 -18"><span class='ocrx_word' id='word_1_13' title='bbox 119 480 192 522; x_wconf 87' lang='lat' dir='ltr'><strong>rens</strong></span> <span class='ocrx_word' id='word_1_14' title='bbox 214 462 406 539; x_wconf 73' lang='lat' dir='ltr'><strong>amplectitur</strong></span> <span class='ocrx_word' id='word_1_15' title='bbox 426 463 637 523; x_wconf 27' lang='lat' dir='ltr'><strong>etcoioulatur</strong></span> <span class='ocrx_word' id='word_1_16' title='bbox 650 464 746 522; x_wconf 89' lang='lat' dir='ltr'><strong>lilium</strong></span> <span class='ocrx_word' id='word_1_17' title='bbox 766 462 983 533; x_wconf 78' lang='lat' dir='ltr'><strong>reuertentem,</strong></span> <span class='ocrx_word' id='word_1_18' title='bbox 1003 461 1193 538; x_wconf 73' lang='lat' dir='ltr'><strong>praecipiens</strong></span> <span class='ocrx_word' id='word_1_19' title='bbox 1216 459 1315 517; x_wconf 88' lang='lat' dir='ltr'><strong>serris</strong></span> 
     </span>
     <span class='ocr_line' id='line_1_4' title="bbox 118 563 1315 645; baseline -0.004 -21"><span class='ocrx_word' id='word_1_20' title='bbox 118 567 196 636; x_wconf 85' lang='lat' dir='ltr'><strong>suis,</strong></span> <span class='ocrx_word' id='word_1_21' title='bbox 214 575 249 625; x_wconf 92' lang='lat' dir='ltr'><strong>ut</strong></span> <span class='ocrx_word' id='word_1_22' title='bbox 265 585 333 625; x_wconf 90' lang='lat' dir='ltr'><strong>eum</strong></span> <span class='ocrx_word' id='word_1_23' title='bbox 354 566 478 626; x_wconf 84' lang='lat' dir='ltr'><strong>induant</strong></span> <span class='ocrx_word' id='word_1_24' title='bbox 500 569 610 626; x_wconf 88' lang='lat' dir='ltr'><strong>stolam</strong></span> <span class='ocrx_word' id='word_1_25' title='bbox 631 569 759 645; x_wconf 87' lang='lat' dir='ltr'><strong>primam</strong></span> <span class='ocrx_word' id='word_1_26' title='bbox 780 576 817 626; x_wconf 88' lang='lat' dir='ltr'><strong>et</strong></span> <span class='ocrx_word' id='word_1_27' title='bbox 831 567 902 626; x_wconf 87' lang='lat' dir='ltr'><strong>dent</strong></span> <span class='ocrx_word' id='word_1_28' title='bbox 922 568 1063 625; x_wconf 82' lang='lat' dir='ltr'><strong>annulum</strong></span> <span class='ocrx_word' id='word_1_29' title='bbox 1084 566 1115 623; x_wconf 91' lang='lat' dir='ltr'><strong>in</strong></span> <span class='ocrx_word' id='word_1_30' title='bbox 1136 581 1228 622; x_wconf 92' lang='lat' dir='ltr'><strong>manu</strong></span> <span class='ocrx_word' id='word_1_31' title='bbox 1250 563 1315 620; x_wconf 88' lang='lat' dir='ltr'><strong>eius</strong></span> 
     </span>
     <span class='ocr_line' id='line_1_5' title="bbox 117 669 1317 748; baseline -0.004 -19"><span class='ocrx_word' id='word_1_32' title='bbox 117 680 150 730; x_wconf 87' lang='lat' dir='ltr'><strong>et</strong></span> <span class='ocrx_word' id='word_1_33' title='bbox 169 671 373 729; x_wconf 84' lang='lat' dir='ltr'><strong>calceamenta</strong></span> <span class='ocrx_word' id='word_1_34' title='bbox 389 672 424 730; x_wconf 83' lang='lat' dir='ltr'><strong>in</strong></span> <span class='ocrx_word' id='word_1_35' title='bbox 441 671 572 747; x_wconf 88' lang='lat' dir='ltr'><strong>pedihus</strong></span> <span class='ocrx_word' id='word_1_36' title='bbox 593 672 679 741; x_wconf 89' lang='lat' dir='ltr'><strong>eius,</strong></span> <span class='ocrx_word' id='word_1_37' title='bbox 695 671 889 748; x_wconf 87' lang='lat' dir='ltr'><strong>occidantque</strong></span> <span class='ocrx_word' id='word_1_38' title='bbox 904 671 1044 728; x_wconf 78' lang='lat' dir='ltr'><strong>¹uitulum</strong></span> <span class='ocrx_word' id='word_1_39' title='bbox 1066 669 1255 747; x_wconf 86' lang='lat' dir='ltr'><strong>saginatum,</strong></span> <span class='ocrx_word' id='word_1_40' title='bbox 1284 675 1317 724; x_wconf 85' lang='lat' dir='ltr'><strong>ut</strong></span> 
     </span>
     <span class='ocr_line' id='line_1_6' title="bbox 116 769 1315 853; baseline -0.005 -20"><span class='ocrx_word' id='word_1_41' title='bbox 116 774 297 838; x_wconf 74' lang='lat' dir='ltr'><strong>manducent</strong></span> <span class='ocrx_word' id='word_1_42' title='bbox 313 774 549 852; x_wconf 72' lang='lat' dir='ltr'><strong>etepulentnra·</strong></span> <span class='ocrx_word' id='word_1_43' title='bbox 567 776 637 853; x_wconf 85' lang='lat' dir='ltr'><strong>quia</strong></span> <span class='ocrx_word' id='word_1_44' title='bbox 656 775 741 835; x_wconf 80' lang='lat' dir='ltr'><strong>iilius</strong></span> <span class='ocrx_word' id='word_1_45' title='bbox 760 772 989 834; x_wconf 70' lang='lat' dir='ltr'><strong>eies¹mor³tuus</strong></span> <span class='ocrx_word' id='word_1_46' title='bbox 1010 775 1121 840; x_wconf 86' lang='lat' dir='ltr'><strong>inerat,</strong></span> <span class='ocrx_word' id='word_1_47' title='bbox 1143 780 1174 831; x_wconf 91' lang='lat' dir='ltr'><strong>et</strong></span> <span class='ocrx_word' id='word_1_48' title='bbox 1193 769 1315 839; x_wconf 84' lang='lat' dir='ltr'><strong>revixit,</strong></span> 
     </span>
     <span class='ocr_line' id='line_1_7' title="bbox 116 866 1318 955; baseline -0.005 -19"><span class='ocrx_word' id='word_1_49' title='bbox 116 879 252 954; x_wconf 86' lang='lat' dir='ltr'><strong>perierat</strong></span> <span class='ocrx_word' id='word_1_50' title='bbox 272 887 304 937; x_wconf 89' lang='lat' dir='ltr'><strong>et</strong></span> <span class='ocrx_word' id='word_1_51' title='bbox 321 878 464 936; x_wconf 87' lang='lat' dir='ltr'><strong>inventus</strong></span> <span class='ocrx_word' id='word_1_52' title='bbox 486 876 544 942; x_wconf 78' lang='lat' dir='ltr'><strong>e&#39;st&#39;.</strong></span> <span class='ocrx_word' id='word_1_53' title='bbox 567 866 705 954; x_wconf 77' lang='lat' dir='ltr'><strong>Qualiter</strong></span> <span class='ocrx_word' id='word_1_54' title='bbox 725 887 826 937; x_wconf 89' lang='lat' dir='ltr'><strong>autem</strong></span> <span class='ocrx_word' id='word_1_55' title='bbox 846 877 935 955; x_wconf 87' lang='lat' dir='ltr'><strong>pate&#39;r</strong></span> <span class='ocrx_word' id='word_1_56' title='bbox 954 874 1189 954; x_wconf 74' lang='lat' dir='ltr'><strong>indignationem</strong></span> <span class='ocrx_word' id='word_1_57' title='bbox 1202 872 1318 931; x_wconf 89' lang='lat' dir='ltr'><strong>sedavit</strong></span> 
     </span>
     <span class='ocr_line' id='line_1_8' title="bbox 76 974 1318 1062; baseline -0.003 -22"><span class='ocrx_word' id='word_1_58' title='bbox 76 992 78 998; x_wconf 60' lang='lat'><strong><em>⁴</em></strong></span> <span class='ocrx_word' id='word_1_59' title='bbox 116 974 181 1040; x_wconf 88' lang='lat' dir='ltr'><strong>lilii</strong></span> <span class='ocrx_word' id='word_1_60' title='bbox 194 982 339 1052; x_wconf 87' lang='lat' dir='ltr'><strong>senioris,</strong></span> <span class='ocrx_word' id='word_1_61' title='bbox 360 982 505 1058; x_wconf 84' lang='lat' dir='ltr'><strong>parabola</strong></span> <span class='ocrx_word' id='word_1_62' title='bbox 524 991 556 1041; x_wconf 86' lang='lat' dir='ltr'><strong>te</strong></span> <span class='ocrx_word' id='word_1_63' title='bbox 577 982 898 1062; x_wconf 61' lang='lat' dir='ltr'><strong>doceat‘cvangelica3</strong></span> <span class='ocrx_word' id='word_1_64' title='bbox 920 982 1007 1041; x_wconf 90' lang='lat' dir='ltr'><strong>euius</strong></span> <span class='ocrx_word' id='word_1_65' title='bbox 1029 981 1196 1042; x_wconf 79' lang='lat' dir='ltr'><strong>doctrinam</strong></span> <span class='ocrx_word' id='word_1_66' title='bbox 1213 987 1248 1038; x_wconf 89' lang='lat' dir='ltr'><strong>te</strong></span> <span class='ocrx_word' id='word_1_67' title='bbox 1269 993 1318 1037; x_wconf 83' lang='lat' dir='ltr'><strong>ou·</strong></span> 
     </span>
     <span class='ocr_line' id='line_1_9' title="bbox 116 1085 819 1162; baseline 0.001 -17"><span class='ocrx_word' id='word_1_68' title='bbox 116 1087 223 1162; x_wconf 43' lang='lat' dir='ltr'><strong>pimus*</strong></span> <span class='ocrx_word' id='word_1_69' title='bbox 237 1095 268 1145; x_wconf 93' lang='lat' dir='ltr'><strong>et</strong></span> <span class='ocrx_word' id='word_1_70' title='bbox 287 1087 319 1144; x_wconf 90' lang='lat' dir='ltr'><strong>in</strong></span> <span class='ocrx_word' id='word_1_71' title='bbox 340 1085 399 1145; x_wconf 83' lang='lat' dir='ltr'><strong>laoc</strong></span> <span class='ocrx_word' id='word_1_72' title='bbox 420 1095 451 1145; x_wconf 88' lang='lat' dir='ltr'><strong>ct</strong></span> <span class='ocrx_word' id='word_1_73' title='bbox 470 1086 501 1144; x_wconf 92' lang='lat' dir='ltr'><strong>in</strong></span> <span class='ocrx_word' id='word_1_74' title='bbox 522 1085 593 1145; x_wconf 80' lang='lat' dir='ltr'><strong>aliis</strong></span> <span class='ocrx_word' id='word_1_75' title='bbox 613 1086 781 1148; x_wconf 73' lang='lat' dir='ltr'><strong>imitarl.¹-³3</strong></span> <span class='ocrx_word' id='word_1_76' title='bbox 806 1111 819 1124; x_wconf 74' lang='grc'><strong>·’</strong></span> 
     </span>
     <span class='ocr_line' id='line_1_10' title="bbox 24 1184 1318 1267; baseline -0.003 -19"><span class='ocrx_word' id='word_1_77' title='bbox 24 1195 26 1204; x_wconf 62' lang='lat'><strong>⁴</strong></span> <span class='ocrx_word' id='word_1_78' title='bbox 52 1259 56 1267; x_wconf 13' lang='grc' dir='ltr'><em>ψ</em></span> <span class='ocrx_word' id='word_1_79' title='bbox 120 1211 152 1242; x_wconf 77' lang='lat'><strong>&lt;·.</strong></span> <span class='ocrx_word' id='word_1_80' title='bbox 216 1191 264 1248; x_wconf 66' lang='lat' dir='ltr'>k</span> <span class='ocrx_word' id='word_1_81' title='bbox 284 1188 337 1249; x_wconf 90' lang='lat' dir='ltr'><strong>illo</strong></span> <span class='ocrx_word' id='word_1_82' title='bbox 359 1197 460 1248; x_wconf 67' lang='lat' dir='ltr'><strong>auiam</strong></span> <span class='ocrx_word' id='word_1_83' title='bbox 480 1188 586 1259; x_wconf 76' lang='lat' dir='ltr'><strong>serbo,</strong></span> <span class='ocrx_word' id='word_1_84' title='bbox 608 1190 696 1267; x_wconf 82' lang='lat' dir='ltr'><strong>quod</strong></span> <span class='ocrx_word' id='word_1_85' title='bbox 709 1191 744 1248; x_wconf 55' lang='lat' dir='ltr'><strong>in&lt;</strong></span> <span class='ocrx_word' id='word_1_86' title='bbox 756 1189 937 1266; x_wconf 76' lang='lat' dir='ltr'><strong>praessissis</strong></span> <span class='ocrx_word' id='word_1_87' title='bbox 952 1189 1136 1256; x_wconf 80' lang='lat' dir='ltr'><strong>continetur,</strong></span> <span class='ocrx_word' id='word_1_88' title='bbox 1152 1185 1250 1267; x_wconf 66' lang='lat' dir='ltr'><strong>music</strong></span> <span class='ocrx_word' id='word_1_89' title='bbox 1264 1184 1318 1244; x_wconf 84' lang='lat' dir='ltr'><strong>de·</strong></span> 
     </span>
     <span class='ocr_line' id='line_1_11' title="bbox 116 1291 1319 1372; baseline -0.003 -20"><span class='ocrx_word' id='word_1_90' title='bbox 116 1291 215 1372; x_wconf 56' lang='lat' dir='ltr'><strong>docte</strong></span> <span class='ocrx_word' id='word_1_91' title='bbox 233 1295 414 1371; x_wconf 75' lang='lat' dir='ltr'><strong>reputares,</strong></span> <span class='ocrx_word' id='word_1_92' title='bbox 428 1293 466 1352; x_wconf 79' lang='lat' dir='ltr'><strong>si</strong></span> <span class='ocrx_word' id='word_1_93' title='bbox 485 1310 548 1355; x_wconf 80' lang='lat' dir='ltr'><strong>nos</strong></span> <span class='ocrx_word' id='word_1_94' title='bbox 563 1293 721 1372; x_wconf 64' lang='lat' dir='ltr'><strong>imtrcdits</strong></span> <span class='ocrx_word' id='word_1_95' title='bbox 740 1292 917 1368; x_wconf 76' lang='lat' dir='ltr'><strong>odiamus,</strong></span> <span class='ocrx_word' id='word_1_96' title='bbox 931 1298 974 1352; x_wconf 71' lang='lat' dir='ltr'><strong>ste</strong></span> <span class='ocrx_word' id='word_1_97' title='bbox 989 1291 1081 1370; x_wconf 69' lang='lat' dir='ltr'><strong>tilius</strong></span> <span class='ocrx_word' id='word_1_98' title='bbox 1101 1295 1178 1350; x_wconf 83' lang='lat' dir='ltr'><strong>tuus</strong></span> <span class='ocrx_word' id='word_1_99' title='bbox 1199 1307 1319 1348; x_wconf 78' lang='lat' dir='ltr'><strong>coruo-</strong></span> 
     </span>
     <span class='ocr_line' id='line_1_12' title="bbox 116 1393 1318 1476; baseline -0.004 -21"><span class='ocrx_word' id='word_1_100' title='bbox 116 1393 166 1455; x_wconf 81' lang='lat' dir='ltr'><strong>lis·</strong></span> <span class='ocrx_word' id='word_1_101' title='bbox 181 1397 334 1463; x_wconf 66' lang='lat' dir='ltr'><strong>coronam</strong></span> <span class='ocrx_word' id='word_1_102' title='bbox 351 1396 457 1475; x_wconf 80' lang='lat' dir='ltr'><strong>possit</strong></span> <span class='ocrx_word' id='word_1_103' title='bbox 469 1396 511 1456; x_wconf 72' lang='lat' dir='ltr'><strong>iss</strong></span> <span class='ocrx_word' id='word_1_104' title='bbox 527 1395 668 1476; x_wconf 71' lang='lat' dir='ltr'><strong>diepam,</strong></span> <span class='ocrx_word' id='word_1_105' title='bbox 696 1398 765 1455; x_wconf 81' lang='lat' dir='ltr'><strong>lien</strong></span> <span class='ocrx_word' id='word_1_106' title='bbox 785 1397 851 1474; x_wconf 87' lang='lat' dir='ltr'><strong>ipse</strong></span> <span class='ocrx_word' id='word_1_107' title='bbox 872 1397 966 1456; x_wconf 77' lang='lat' dir='ltr'><strong>valde·</strong></span> <span class='ocrx_word' id='word_1_108' title='bbox 981 1396 1109 1454; x_wconf 89' lang='lat' dir='ltr'><strong>territus</strong></span> <span class='ocrx_word' id='word_1_109' title='bbox 1133 1395 1213 1453; x_wconf 86' lang='lat' dir='ltr'><strong>fuit:</strong></span> <span class='ocrx_word' id='word_1_110' title='bbox 1249 1393 1318 1470; x_wconf 83' lang='lat' dir='ltr'><strong>qnia</strong></span> 
     </span>
     <span class='ocr_line' id='line_1_13' title="bbox 34 1498 1319 1583; baseline -0.001 -26"><span class='ocrx_word' id='word_1_111' title='bbox 34 1514 36 1519; x_wconf 57' lang='lat'><strong>⁴</strong></span> <span class='ocrx_word' id='word_1_112' title='bbox 110 1516 188 1583; x_wconf 77' lang='lat' dir='ltr'><strong>oum</strong></span> <span class='ocrx_word' id='word_1_113' title='bbox 207 1499 468 1559; x_wconf 84' lang='lat' dir='ltr'><strong>iecissetcdria&#39;m</strong></span> <span class='ocrx_word' id='word_1_114' title='bbox 481 1501 877 1579; x_wconf 57' lang='lat' dir='ltr'><strong>:congaegari-solemnem,</strong></span> <span class='ocrx_word' id='word_1_115' title='bbox 894 1509 929 1560; x_wconf 81' lang='lat' dir='ltr'><strong>nt</strong></span> <span class='ocrx_word' id='word_1_116' title='bbox 948 1500 1145 1558; x_wconf 77' lang='lat' dir='ltr'><strong>ffliumsuum</strong></span> <span class='ocrx_word' id='word_1_117' title='bbox 1158 1498 1319 1575; x_wconf 85' lang='lat' dir='ltr'><strong>parvulum</strong></span> 
     </span>
     <span class='ocr_line' id='line_1_14' title="bbox 117 1603 1319 1682; baseline -0.001 -21"><span class='ocrx_word' id='word_1_118' title='bbox 117 1604 149 1661; x_wconf 90' lang='lat' dir='ltr'><strong>in</strong></span> <span class='ocrx_word' id='word_1_119' title='bbox 176 1605 294 1682; x_wconf 84' lang='lat' dir='ltr'><strong>Regem</strong></span> <span class='ocrx_word' id='word_1_120' title='bbox 322 1605 439 1664; x_wconf 81' lang='lat' dir='ltr'><strong>iaceret</strong></span> <span class='ocrx_word' id='word_1_121' title='bbox 461 1606 623 1674; x_wconf 81' lang='lat' dir='ltr'><strong>coronari,</strong></span> <span class='ocrx_word' id='word_1_122' title='bbox 654 1606 755 1665; x_wconf 82' lang='lat' dir='ltr'><strong>timuit</strong></span> <span class='ocrx_word' id='word_1_123' title='bbox 783 1604 997 1674; x_wconf 68' lang='lat' dir='ltr'><strong>vehementer,</strong></span> <span class='ocrx_word' id='word_1_124' title='bbox 1027 1622 1065 1662; x_wconf 89' lang='lat' dir='ltr'><strong>ne</strong></span> <span class='ocrx_word' id='word_1_125' title='bbox 1093 1603 1319 1662; x_wconf 90' lang='lat' dir='ltr'><strong>coronationem</strong></span> 
     </span>
     <span class='ocr_line' id='line_1_15' title="bbox 50 1705 1320 1785; baseline -0.002 -20"><span class='ocrx_word' id='word_1_126' title='bbox 50 1778 51 1781; x_wconf 8' lang='grc' dir='ltr'><strong>Ἴ</strong></span> <span class='ocrx_word' id='word_1_127' title='bbox 97 1707 221 1783; x_wconf 53' lang='lat' dir='ltr'><strong>ipsius,</strong></span> <span class='ocrx_word' id='word_1_128' title='bbox 229 1707 380 1767; x_wconf 80' lang='lat' dir='ltr'><strong>Dominus</strong></span> <span class='ocrx_word' id='word_1_129' title='bbox 393 1709 477 1784; x_wconf 86' lang='lat' dir='ltr'><strong>Papa</strong></span> <span class='ocrx_word' id='word_1_130' title='bbox 497 1709 613 1768; x_wconf 85' lang='lat' dir='ltr'><strong>laceret</strong></span> <span class='ocrx_word' id='word_1_131' title='bbox 632 1709 782 1785; x_wconf 84' lang='lat' dir='ltr'><strong>impediri.</strong></span> <span class='ocrx_word' id='word_1_132' title='bbox 811 1707 898 1767; x_wconf 81' lang='lat' dir='ltr'><strong>Unde</strong></span> <span class='ocrx_word' id='word_1_133' title='bbox 918 1727 986 1768; x_wconf 89' lang='lat' dir='ltr'><strong>cnm</strong></span> <span class='ocrx_word' id='word_1_134' title='bbox 1008 1707 1162 1784; x_wconf 81' lang='lat' dir='ltr'><strong>praelatus</strong></span> <span class='ocrx_word' id='word_1_135' title='bbox 1178 1705 1320 1764; x_wconf 74' lang='lat' dir='ltr'><strong>Cardine·</strong></span> 
     </span>
     <span class='ocr_line' id='line_1_16' title="bbox 115 1810 1320 1883; baseline -0.003 -14"><span class='ocrx_word' id='word_1_136' title='bbox 115 1811 164 1883; x_wconf 43' lang='lat' dir='ltr'><strong>lis,</strong></span> <span class='ocrx_word' id='word_1_137' title='bbox 181 1810 219 1869; x_wconf 82' lang='lat' dir='ltr'><strong>ad</strong></span> <span class='ocrx_word' id='word_1_138' title='bbox 240 1811 356 1870; x_wconf 81' lang='lat' dir='ltr'><strong>curiam</strong></span> <span class='ocrx_word' id='word_1_139' title='bbox 376 1812 460 1870; x_wconf 89' lang='lat' dir='ltr'><strong>illam</strong></span> <span class='ocrx_word' id='word_1_140' title='bbox 474 1811 602 1879; x_wconf 79' lang='lat' dir='ltr'><strong>nuntios</strong></span> <span class='ocrx_word' id='word_1_141' title='bbox 624 1811 825 1880; x_wconf 73' lang='lat' dir='ltr'><strong>destinasset,</strong></span> <span class='ocrx_word' id='word_1_142' title='bbox 853 1815 925 1870; x_wconf 85' lang='lat' dir='ltr'><strong>tunc</strong></span> <span class='ocrx_word' id='word_1_143' title='bbox 941 1811 1066 1869; x_wconf 88' lang='lat' dir='ltr'><strong>demum</strong></span> <span class='ocrx_word' id='word_1_144' title='bbox 1083 1811 1285 1869; x_wconf 82' lang='lat' dir='ltr'><strong>obtinuerunt</strong></span> <span class='ocrx_word' id='word_1_145' title='bbox 1303 1824 1320 1865; x_wconf 89' lang='lat' dir='ltr'><strong>a</strong></span> 
     </span>
     <span class='ocr_line' id='line_1_17' title="bbox 118 1913 1344 1994; baseline 0 -20"><span class='ocrx_word' id='word_1_146' title='bbox 118 1917 206 1993; x_wconf 80' lang='lat' dir='ltr'><strong>liege</strong></span> <span class='ocrx_word' id='word_1_147' title='bbox 221 1914 381 1972; x_wconf 88' lang='lat' dir='ltr'><strong>licentiam</strong></span> <span class='ocrx_word' id='word_1_148' title='bbox 402 1915 589 1975; x_wconf 88' lang='lat' dir='ltr'><strong>transeundi.</strong></span> <span class='ocrx_word' id='word_1_149' title='bbox 617 1916 782 1975; x_wconf 82' lang='lat' dir='ltr'><strong>Proiectus·</strong></span> <span class='ocrx_word' id='word_1_150' title='bbox 799 1935 875 1993; x_wconf 88' lang='lat' dir='ltr'><strong>ergo</strong></span> <span class='ocrx_word' id='word_1_151' title='bbox 897 1917 1033 1994; x_wconf 81' lang='lat' dir='ltr'><strong>Legatos</strong></span> <span class='ocrx_word' id='word_1_152' title='bbox 1055 1915 1220 1982; x_wconf 77' lang='lat' dir='ltr'><strong>universa,</strong></span> <span class='ocrx_word' id='word_1_153' title='bbox 1242 1913 1344 1991; x_wconf 30' lang='lat' dir='ltr'><strong>stent,</strong></span> 
     </span>
     <span class='ocr_line' id='line_1_18' title="bbox 118 2016 1321 2098; baseline -0.002 -21"><span class='ocrx_word' id='word_1_154' title='bbox 118 2018 240 2077; x_wconf 78' lang='lat' dir='ltr'><strong>fuscant</strong></span> <span class='ocrx_word' id='word_1_155' title='bbox 259 2018 435 2088; x_wconf 84' lang='lat' dir='ltr'><strong>constituta,</strong></span> <span class='ocrx_word' id='word_1_156' title='bbox 457 2018 621 2096; x_wconf 77' lang='lat' dir='ltr'><strong>complevit</strong></span> <span class='ocrx_word' id='word_1_157' title='bbox 627 2039 639 2095; x_wconf 85' lang='lat'>3</span> <span class='ocrx_word' id='word_1_158' title='bbox 660 2028 698 2078; x_wconf 85' lang='lat' dir='ltr'><strong>et</strong></span> <span class='ocrx_word' id='word_1_159' title='bbox 712 2020 835 2078; x_wconf 77' lang='lat' dir='ltr'><strong>rediens</strong></span> <span class='ocrx_word' id='word_1_160' title='bbox 848 2022 933 2078; x_wconf 85' lang='lat' dir='ltr'><strong>tales</strong></span> <span class='ocrx_word' id='word_1_161' title='bbox 955 2037 994 2077; x_wconf 85' lang='lat' dir='ltr'><strong>ex</strong></span> <span class='ocrx_word' id='word_1_162' title='bbox 1007 2019 1245 2098; x_wconf 81' lang='lat' dir='ltr'><strong>parteltcgiset</strong></span> <span class='ocrx_word' id='word_1_163' title='bbox 1258 2016 1321 2076; x_wconf 85' lang='lat' dir='ltr'><strong>Pri·</strong></span> 
     </span>
     <span class='ocr_line' id='line_1_19' title="bbox 114 2121 1016 2200; baseline 0.008 -24"><span class='ocrx_word' id='word_1_164' title='bbox 114 2121 435 2199; x_wconf 70' lang='lat' dir='ltr'><strong>.motis¹Bulgarorum</strong></span> <span class='ocrx_word' id='word_1_165' title='bbox 454 2131 487 2182; x_wconf 85' lang='lat' dir='ltr'><strong>ct</strong></span> <span class='ocrx_word' id='word_1_166' title='bbox 507 2123 675 2193; x_wconf 84' lang='lat' dir='ltr'><strong>Blac&#39;orum</strong></span> <span class='ocrx_word' id='word_1_167' title='bbox 689 2125 1016 2200; x_wconf 84' lang='lat' dir='ltr'><strong>litteras&#39;reportavit:</strong></span> 
     </span>
    </p>

    <p class='ocr_par' dir='ltr' id='par_1_3' title="bbox 112 2225 1323 2720">
     <span class='ocr_line' id='line_1_20' title="bbox 141 2225 1321 2308; baseline -0.001 -23"><span class='ocrx_word' id='word_1_168' title='bbox 141 2263 151 2279; x_wconf 87' lang='lat'><strong>·.</strong></span> <span class='ocrx_word' id='word_1_169' title='bbox 185 2266 187 2271; x_wconf 64' lang='grc'><strong><em>«</em></strong></span> <span class='ocrx_word' id='word_1_170' title='bbox 218 2227 246 2285; x_wconf 76' lang='grc' dir='ltr'>Α</span> <span class='ocrx_word' id='word_1_171' title='bbox 267 2225 477 2301; x_wconf 65' lang='lat' dir='ltr'><strong>calojohanno</strong></span> <span class='ocrx_word' id='word_1_172' title='bbox 493 2229 879 2308; x_wconf 57' lang='lat' dir='ltr'><strong>Regetdtiusfflnlgariae</strong></span> <span class='ocrx_word' id='word_1_173' title='bbox 900 2238 931 2288; x_wconf 91' lang='lat' dir='ltr'><strong>et</strong></span> <span class='ocrx_word' id='word_1_174' title='bbox 945 2229 1069 2288; x_wconf 87' lang='lat' dir='ltr'><strong>Blaciae</strong></span> <span class='ocrx_word' id='word_1_175' title='bbox 1083 2227 1321 2302; x_wconf 72' lang='lat' dir='ltr'><strong>adaoeopro·</strong></span> 
     </span>
     <span class='ocr_line' id='line_1_21' title="bbox 119 2329 1321 2395; baseline -0.002 -6"><span class='ocrx_word' id='word_1_176' title='bbox 119 2339 235 2389; x_wconf 90' lang='lat' dir='ltr'><strong>motum</strong></span> <span class='ocrx_word' id='word_1_177' title='bbox 264 2339 297 2389; x_wconf 87' lang='lat' dir='ltr'><strong>et</strong></span> <span class='ocrx_word' id='word_1_178' title='bbox 316 2330 552 2390; x_wconf 55' lang='lat' dir='ltr'><strong>&gt;sanctissimum</strong></span> <span class='ocrx_word' id='word_1_179' title='bbox 567 2338 612 2395; x_wconf 87' lang='lat' dir='ltr'><strong>&#39;et</strong></span> <span class='ocrx_word' id='word_1_180' title='bbox 638 2333 669 2390; x_wconf 91' lang='lat' dir='ltr'><strong>in</strong></span> <span class='ocrx_word' id='word_1_181' title='bbox 691 2333 815 2392; x_wconf 79' lang='lat' dir='ltr'><strong>christo</strong></span> <span class='ocrx_word' id='word_1_182' title='bbox 837 2333 979 2392; x_wconf 88' lang='lat' dir='ltr'><strong>dilectum</strong></span> <span class='ocrx_word' id='word_1_183' title='bbox 1001 2341 1033 2391; x_wconf 90' lang='lat' dir='ltr'><strong>ct</strong></span> <span class='ocrx_word' id='word_1_184' title='bbox 1051 2329 1321 2390; x_wconf 81' lang='lat' dir='ltr'><strong>honorificentissi-</strong></span> 
     </span>
     <span class='ocr_line' id='line_1_22' title="bbox 117 2434 1322 2541; baseline 0 -50"><span class='ocrx_word' id='word_1_185' title='bbox 117 2448 212 2491; x_wconf 91' lang='lat' dir='ltr'><strong>mum·</strong></span> <span class='ocrx_word' id='word_1_186' title='bbox 223 2440 341 2541; x_wconf 83' lang='lat' dir='ltr'><strong>patrem</strong></span> <span class='ocrx_word' id='word_1_187' title='bbox 354 2437 452 2512; x_wconf 66' lang='lat' dir='ltr'><strong>:regni</strong></span> <span class='ocrx_word' id='word_1_188' title='bbox 472 2436 573 2495; x_wconf 87' lang='lat' dir='ltr'><strong>nostri</strong></span> <span class='ocrx_word' id='word_1_189' title='bbox 587 2437 712 2495; x_wconf 89' lang='lat' dir='ltr'><strong>tertium</strong></span> <span class='ocrx_word' id='word_1_190' title='bbox 722 2438 935 2496; x_wconf 58' lang='lat' dir='ltr'><strong>&amp;innocentium</strong></span> <span class='ocrx_word' id='word_1_191' title='bbox 952 2446 982 2496; x_wconf 90' lang='lat' dir='ltr'><strong>et</strong></span> <span class='ocrx_word' id='word_1_192' title='bbox 996 2434 1197 2495; x_wconf 86' lang='lat' dir='ltr'><strong>sacerrimum</strong></span> <span class='ocrx_word' id='word_1_193' title='bbox 1205 2435 1322 2511; x_wconf 69' lang='lat' dir='ltr'><strong>mapsam</strong></span> 
     </span>
     <span class='ocr_line' id='line_1_23' title="bbox 116 2539 1323 2618; baseline -0.002 -22"><span class='ocrx_word' id='word_1_194' title='bbox 116 2539 246 2607; x_wconf 75' lang='lat' dir='ltr'><strong>Romae,</strong></span> <span class='ocrx_word' id='word_1_195' title='bbox 267 2546 299 2597; x_wconf 86' lang='lat' dir='ltr'><strong>ct</strong></span> <span class='ocrx_word' id='word_1_196' title='bbox 311 2544 533 2598; x_wconf 73' lang='lat' dir='ltr'><strong>successorem</strong></span> <span class='ocrx_word' id='word_1_197' title='bbox 554 2541 701 2616; x_wconf 91' lang='lat' dir='ltr'><strong>principis</strong></span> <span class='ocrx_word' id='word_1_198' title='bbox 722 2541 940 2617; x_wconf 80' lang='lat' dir='ltr'><strong>Apostolorum</strong></span> <span class='ocrx_word' id='word_1_199' title='bbox 954 2541 1094 2618; x_wconf 77' lang='lat' dir='ltr'><strong>Apostoli</strong></span> <span class='ocrx_word' id='word_1_200' title='bbox 1108 2540 1204 2599; x_wconf 89' lang='lat' dir='ltr'><strong>Petri.</strong></span> <span class='ocrx_word' id='word_1_201' title='bbox 1227 2540 1323 2615; x_wconf 79' lang='lat' dir='ltr'><strong>Lega-</strong></span> 
     </span>
     <span class='ocr_line' id='line_1_24' title="bbox 112 2624 1322 2720; baseline -0.002 -19"><span class='ocrx_word' id='word_1_202' title='bbox 112 2651 176 2701; x_wconf 74' lang='lat' dir='ltr'><strong>tut</strong></span> <span class='ocrx_word' id='word_1_203' title='bbox 195 2642 384 2718; x_wconf 73' lang='lat' dir='ltr'><strong>apostolicae</strong></span> <span class='ocrx_word' id='word_1_204' title='bbox 415 2624 671 2702; x_wconf 72' lang='lat' dir='ltr'><strong>sedis&#39;nomtnus&#39;</strong></span> <span class='ocrx_word' id='word_1_205' title='bbox 691 2645 756 2704; x_wconf 87' lang='lat' dir='ltr'><strong>Leo</strong></span> <span class='ocrx_word' id='word_1_206' title='bbox 785 2646 958 2704; x_wconf 84' lang='lat' dir='ltr'><strong>sanctitatis</strong></span> <span class='ocrx_word' id='word_1_207' title='bbox 986 2655 1055 2705; x_wconf 91' lang='lat' dir='ltr'><strong>tuae</strong></span> <span class='ocrx_word' id='word_1_208' title='bbox 1077 2645 1225 2720; x_wconf 88' lang='lat' dir='ltr'><strong>seriptum</strong></span> <span class='ocrx_word' id='word_1_209' title='bbox 1240 2642 1243 2649; x_wconf 86' lang='lat'>&#39;</span> <span class='ocrx_word' id='word_1_210' title='bbox 1257 2658 1322 2699; x_wconf 87' lang='lat' dir='ltr'><strong>mco</strong></span> 
     </span>
    </p>

    <p class='ocr_par' dir='ltr' id='par_1_4' title="bbox 42 2729 1365 4312">
     <span class='ocr_line' id='line_1_25' title="bbox 73 2729 1324 2827; baseline -0.002 -23"><span class='ocrx_word' id='word_1_211' title='bbox 73 2823 78 2827; x_wconf 76' lang='lat'><strong>.</strong></span> <span class='ocrx_word' id='word_1_212' title='bbox 113 2744 230 2804; x_wconf 74' lang='lat' dir='ltr'><strong>‹odtulit</strong></span> <span class='ocrx_word' id='word_1_213' title='bbox 247 2745 395 2820; x_wconf 58' lang='lat' dir='ltr'><strong>imperim</strong></span> <span class='ocrx_word' id='word_1_214' title='bbox 417 2745 669 2824; x_wconf 85' lang='lat' dir='ltr'><strong>addiscentesque</strong></span> <span class='ocrx_word' id='word_1_215' title='bbox 683 2747 719 2805; x_wconf 91' lang='lat' dir='ltr'><strong>de</strong></span> <span class='ocrx_word' id='word_1_216' title='bbox 737 2748 803 2806; x_wconf 87' lang='lat' dir='ltr'><strong>cius</strong></span> <span class='ocrx_word' id='word_1_217' title='bbox 818 2755 949 2807; x_wconf 87' lang='lat' dir='ltr'><strong>sanitate</strong></span> <span class='ocrx_word' id='word_1_218' title='bbox 965 2729 1214 2807; x_wconf 79' lang='lat' dir='ltr'><strong>etincolumita&#39;te</strong></span> <span class='ocrx_word' id='word_1_219' title='bbox 1231 2745 1324 2804; x_wconf 91' lang='lat' dir='ltr'><strong>omni·</strong></span> 
     </span>
     <span class='ocr_line' id='line_1_26' title="bbox 53 2848 1325 2930; baseline -0.001 -23"><span class='ocrx_word' id='word_1_220' title='bbox 53 2911 58 2917; x_wconf 55' lang='grc'>,</span> <span class='ocrx_word' id='word_1_221' title='bbox 116 2848 325 2925; x_wconf 72' lang='lat' dir='ltr'><strong>potentillae</strong></span> <span class='ocrx_word' id='word_1_222' title='bbox 354 2857 386 2907; x_wconf 83' lang='lat' dir='ltr'><strong>et</strong></span> <span class='ocrx_word' id='word_1_223' title='bbox 413 2850 627 2908; x_wconf 84' lang='lat' dir='ltr'><strong>sanctissimae</strong></span> <span class='ocrx_word' id='word_1_224' title='bbox 653 2851 745 2910; x_wconf 87' lang='lat' dir='ltr'><strong>matri</strong></span> <span class='ocrx_word' id='word_1_225' title='bbox 774 2850 849 2910; x_wconf 78' lang='lat' dir='ltr'><strong>suae</strong></span> <span class='ocrx_word' id='word_1_226' title='bbox 870 2852 1123 2930; x_wconf 83' lang='lat' dir='ltr'><strong>glorificavimus,</strong></span> <span class='ocrx_word' id='word_1_227' title='bbox 1151 2854 1191 2910; x_wconf 83' lang='lat' dir='ltr'><strong>lit</strong></span> <span class='ocrx_word' id='word_1_228' title='bbox 1211 2851 1325 2909; x_wconf 87' lang='lat' dir='ltr'><strong>utinam</strong></span> 
     </span>
     <span class='ocr_line' id='line_1_27' title="bbox 116 2951 1326 3030; baseline -0.001 -19"><span class='ocrx_word' id='word_1_229' title='bbox 116 2951 202 3030; x_wconf 72' lang='lat' dir='ltr'><strong>quod</strong></span> <span class='ocrx_word' id='word_1_230' title='bbox 222 2953 371 3028; x_wconf 85' lang='lat' dir='ltr'><strong>seriptum</strong></span> <span class='ocrx_word' id='word_1_231' title='bbox 383 2952 512 3028; x_wconf 65' lang='lat' dir='ltr'><strong>inperii</strong></span> <span class='ocrx_word' id='word_1_232' title='bbox 533 2953 594 3011; x_wconf 83' lang='lat' dir='ltr'><strong>inei</strong></span> <span class='ocrx_word' id='word_1_233' title='bbox 608 2953 748 3025; x_wconf 75' lang='lat' dir='ltr'><strong>inueniet</strong></span> <span class='ocrx_word' id='word_1_234' title='bbox 760 2955 958 3014; x_wconf 80' lang='lat' dir='ltr'><strong>sanctitatem</strong></span> <span class='ocrx_word' id='word_1_235' title='bbox 968 2964 1050 3014; x_wconf 92' lang='lat' dir='ltr'><strong>tuam</strong></span> <span class='ocrx_word' id='word_1_236' title='bbox 1063 2955 1265 3013; x_wconf 77' lang='lat' dir='ltr'><strong>viventemet</strong></span> <span class='ocrx_word' id='word_1_237' title='bbox 1279 2952 1326 3010; x_wconf 90' lang='lat' dir='ltr'><strong>de·</strong></span> 
     </span>
     <span class='ocr_line' id='line_1_28' title="bbox 118 3046 1327 3136; baseline 0.001 -20"><span class='ocrx_word' id='word_1_238' title='bbox 118 3064 245 3134; x_wconf 64' lang='lat' dir='ltr'><strong>gentem</strong></span> <span class='ocrx_word' id='word_1_239' title='bbox 264 3073 334 3116; x_wconf 91' lang='lat' dir='ltr'><strong>cum</strong></span> <span class='ocrx_word' id='word_1_240' title='bbox 350 3046 572 3134; x_wconf 54' lang='lat' dir='ltr'><strong>‹omni&#39;gaudio</strong></span> <span class='ocrx_word' id='word_1_241' title='bbox 594 3066 628 3117; x_wconf 83' lang='lat' dir='ltr'><strong>et</strong></span> <span class='ocrx_word' id='word_1_242' title='bbox 645 3056 817 3118; x_wconf 80' lang='lat' dir='ltr'><strong>hilaritate!</strong></span> <span class='ocrx_word' id='word_1_243' title='bbox 836 3058 877 3118; x_wconf 77' lang='lat' dir='ltr'><strong>itt</strong></span> <span class='ocrx_word' id='word_1_244' title='bbox 897 3060 1058 3136; x_wconf 86' lang='lat' dir='ltr'><strong>imperium</strong></span> <span class='ocrx_word' id='word_1_245' title='bbox 1066 3077 1172 3118; x_wconf 86' lang='lat' dir='ltr'><strong>meum</strong></span> <span class='ocrx_word' id='word_1_246' title='bbox 1185 3075 1327 3136; x_wconf 80' lang='lat' dir='ltr'><strong>pergra-</strong></span> 
     </span>
     <span class='ocr_line' id='line_1_29' title="bbox 117 3159 1327 3240; baseline 0.002 -23"><span class='ocrx_word' id='word_1_247' title='bbox 117 3159 197 3218; x_wconf 80' lang='lat' dir='ltr'><strong>tiam</strong></span> <span class='ocrx_word' id='word_1_248' title='bbox 218 3160 432 3237; x_wconf 85' lang='lat' dir='ltr'><strong>omnipotentis</strong></span> <span class='ocrx_word' id='word_1_249' title='bbox 452 3159 520 3218; x_wconf 82' lang='lat' dir='ltr'><strong>Dei</strong></span> <span class='ocrx_word' id='word_1_250' title='bbox 534 3169 564 3218; x_wconf 82' lang='lat' dir='ltr'><strong>et</strong></span> <span class='ocrx_word' id='word_1_251' title='bbox 584 3159 781 3229; x_wconf 85' lang='lat' dir='ltr'><strong>beatissimae</strong></span> <span class='ocrx_word' id='word_1_252' title='bbox 802 3162 861 3220; x_wconf 90' lang='lat' dir='ltr'><strong>Dei</strong></span> <span class='ocrx_word' id='word_1_253' title='bbox 883 3162 1062 3240; x_wconf 72' lang='lat' dir='ltr'><strong>genitricis,</strong></span> <span class='ocrx_word' id='word_1_254' title='bbox 1092 3171 1123 3222; x_wconf 90' lang='lat' dir='ltr'><strong>et</strong></span> <span class='ocrx_word' id='word_1_255' title='bbox 1151 3161 1212 3239; x_wconf 83' lang='lat' dir='ltr'><strong>per·</strong></span> <span class='ocrx_word' id='word_1_256' title='bbox 1230 3164 1327 3220; x_wconf 89' lang='lat' dir='ltr'><strong>inter·</strong></span> 
     </span>
     <span class='ocr_line' id='line_1_30' title="bbox 106 3263 1327 3325; baseline 0 -3"><span class='ocrx_word' id='word_1_257' title='bbox 106 3263 473 3325; x_wconf 45' lang='lat' dir='ltr'><strong>&#39;cessionessanctitatis</strong></span> <span class='ocrx_word' id='word_1_258' title='bbox 493 3270 616 3321; x_wconf 70' lang='lat' dir='ltr'><strong>resim</strong></span> <span class='ocrx_word' id='word_1_259' title='bbox 637 3281 744 3322; x_wconf 78' lang='lat' dir='ltr'><strong>sanum</strong></span> <span class='ocrx_word' id='word_1_260' title='bbox 761 3273 816 3323; x_wconf 59' lang='lat' dir='ltr'><strong>&gt;est</strong></span> <span class='ocrx_word' id='word_1_261' title='bbox 833 3266 883 3323; x_wconf 68' lang='lat' dir='ltr'><strong>eet</strong></span> <span class='ocrx_word' id='word_1_262' title='bbox 910 3266 1036 3324; x_wconf 91' lang='lat' dir='ltr'><strong>multum</strong></span> <span class='ocrx_word' id='word_1_263' title='bbox 1057 3266 1133 3324; x_wconf 88' lang='lat' dir='ltr'><strong>hene</strong></span> <span class='ocrx_word' id='word_1_264' title='bbox 1147 3274 1225 3325; x_wconf 75' lang='lat' dir='ltr'><strong>-c&#39;um</strong></span> <span class='ocrx_word' id='word_1_265' title='bbox 1247 3265 1327 3324; x_wconf 91' lang='lat' dir='ltr'><strong>omni</strong></span> 
     </span>
     <span class='ocr_line' id='line_1_31' title="bbox 120 3365 1328 3447; baseline 0.001 -21"><span class='ocrx_word' id='word_1_266' title='bbox 120 3366 236 3445; x_wconf 76' lang='lat' dir='ltr'><strong>gaudio</strong></span> <span class='ocrx_word' id='word_1_267' title='bbox 257 3375 289 3426; x_wconf 83' lang='lat' dir='ltr'><strong>et</strong></span> <span class='ocrx_word' id='word_1_268' title='bbox 301 3367 503 3426; x_wconf 79' lang='lat' dir='ltr'><strong>exultatione.</strong></span> <span class='ocrx_word' id='word_1_269' title='bbox 517 3365 591 3426; x_wconf 83' lang='lat' dir='ltr'><strong>&#39;Hoc</strong></span> <span class='ocrx_word' id='word_1_270' title='bbox 612 3374 712 3426; x_wconf 90' lang='lat' dir='ltr'><strong>autem</strong></span> <span class='ocrx_word' id='word_1_271' title='bbox 734 3377 837 3427; x_wconf 91' lang='lat' dir='ltr'><strong>notum</strong></span> <span class='ocrx_word' id='word_1_272' title='bbox 858 3369 901 3429; x_wconf 90' lang='lat' dir='ltr'><strong>sit</strong></span> <span class='ocrx_word' id='word_1_273' title='bbox 917 3370 1068 3428; x_wconf 88' lang='lat' dir='ltr'><strong>sanctitati</strong></span> <span class='ocrx_word' id='word_1_274' title='bbox 1085 3379 1237 3440; x_wconf 84' lang='lat' dir='ltr'><strong>vestrae,</strong></span> <span class='ocrx_word' id='word_1_275' title='bbox 1249 3371 1328 3447; x_wconf 87' lang='lat' dir='ltr'><strong>patri</strong></span> 
     </span>
     <span class='ocr_line' id='line_1_32' title="bbox 42 3469 1328 3550; baseline 0.001 -22"><span class='ocrx_word' id='word_1_276' title='bbox 42 3485 46 3503; x_wconf 83' lang='grc'><em>·</em></span> <span class='ocrx_word' id='word_1_277' title='bbox 120 3470 276 3547; x_wconf 69' lang='lat' dir='ltr'><strong>spirituali</strong></span> <span class='ocrx_word' id='word_1_278' title='bbox 304 3469 394 3548; x_wconf 84' lang='lat' dir='ltr'><strong>regni</strong></span> <span class='ocrx_word' id='word_1_279' title='bbox 422 3469 501 3538; x_wconf 87' lang='lat' dir='ltr'><strong>mei,</strong></span> <span class='ocrx_word' id='word_1_280' title='bbox 530 3471 660 3529; x_wconf 83' lang='lat' dir='ltr'><strong>Domino</strong></span> <span class='ocrx_word' id='word_1_281' title='bbox 681 3471 798 3547; x_wconf 87' lang='lat' dir='ltr'><strong>Papae,</strong></span> <span class='ocrx_word' id='word_1_282' title='bbox 826 3471 904 3548; x_wconf 87' lang='lat' dir='ltr'><strong>quod</strong></span> <span class='ocrx_word' id='word_1_283' title='bbox 931 3473 1081 3532; x_wconf 87' lang='lat' dir='ltr'><strong>Dominus</strong></span> <span class='ocrx_word' id='word_1_284' title='bbox 1102 3471 1167 3531; x_wconf 89' lang='lat' dir='ltr'><strong>Leo</strong></span> <span class='ocrx_word' id='word_1_285' title='bbox 1188 3474 1328 3550; x_wconf 78' lang='lat' dir='ltr'><strong>Legatos</strong></span> 
     </span>
     <span class='ocr_line' id='line_1_33' title="bbox 121 3571 1327 3650; baseline 0.002 -18"><span class='ocrx_word' id='word_1_286' title='bbox 121 3573 307 3650; x_wconf 79' lang='lat' dir='ltr'><strong>spostolicae</strong></span> <span class='ocrx_word' id='word_1_287' title='bbox 328 3571 413 3630; x_wconf 86' lang='lat' dir='ltr'><strong>sedis</strong></span> <span class='ocrx_word' id='word_1_288' title='bbox 433 3572 517 3630; x_wconf 79' lang='lat' dir='ltr'><strong>uenit</strong></span> <span class='ocrx_word' id='word_1_289' title='bbox 538 3571 576 3631; x_wconf 89' lang='lat' dir='ltr'><strong>ad</strong></span> <span class='ocrx_word' id='word_1_290' title='bbox 595 3573 758 3648; x_wconf 85' lang='lat' dir='ltr'><strong>imperium</strong></span> <span class='ocrx_word' id='word_1_291' title='bbox 773 3583 899 3644; x_wconf 83' lang='lat' dir='ltr'><strong>meum,</strong></span> <span class='ocrx_word' id='word_1_292' title='bbox 921 3576 979 3634; x_wconf 83' lang='lat' dir='ltr'><strong>sili</strong></span> <span class='ocrx_word' id='word_1_293' title='bbox 1001 3575 1141 3634; x_wconf 82' lang='lat' dir='ltr'><strong>adferens</strong></span> <span class='ocrx_word' id='word_1_294' title='bbox 1164 3593 1327 3643; x_wconf 89' lang='lat' dir='ltr'><strong>coronam,</strong></span> 
     </span>
     <span class='ocr_line' id='line_1_34' title="bbox 120 3670 1327 3756; baseline -0.001 -19"><span class='ocrx_word' id='word_1_295' title='bbox 120 3684 244 3737; x_wconf 80' lang='lat' dir='ltr'><strong>oleam</strong></span> <span class='ocrx_word' id='word_1_296' title='bbox 259 3670 457 3745; x_wconf 82' lang='lat' dir='ltr'><strong>benedicens,</strong></span> <span class='ocrx_word' id='word_1_297' title='bbox 480 3694 573 3753; x_wconf 84' lang='lat' dir='ltr'><strong>super</strong></span> <span class='ocrx_word' id='word_1_298' title='bbox 585 3687 684 3754; x_wconf 85' lang='lat' dir='ltr'><strong>caput</strong></span> <span class='ocrx_word' id='word_1_299' title='bbox 695 3678 823 3755; x_wconf 86' lang='lat' dir='ltr'><strong>imperii</strong></span> <span class='ocrx_word' id='word_1_300' title='bbox 844 3680 909 3738; x_wconf 89' lang='lat' dir='ltr'><strong>mei</strong></span> <span class='ocrx_word' id='word_1_301' title='bbox 920 3681 1074 3756; x_wconf 85' lang='lat' dir='ltr'><strong>imposuit,</strong></span> <span class='ocrx_word' id='word_1_302' title='bbox 1097 3681 1169 3738; x_wconf 91' lang='lat' dir='ltr'><strong>etin</strong></span> <span class='ocrx_word' id='word_1_303' title='bbox 1187 3679 1327 3738; x_wconf 84' lang='lat' dir='ltr'><strong>manibus</strong></span> 
     </span>
     <span class='ocr_line' id='line_1_35' title="bbox 120 3777 1326 3858; baseline -0.002 -15"><span class='ocrx_word' id='word_1_304' title='bbox 120 3780 202 3843; x_wconf 82' lang='lat' dir='ltr'><strong>mets</strong></span> <span class='ocrx_word' id='word_1_305' title='bbox 222 3777 311 3858; x_wconf 81' lang='lat' dir='ltr'><strong>dedit</strong></span> <span class='ocrx_word' id='word_1_306' title='bbox 324 3780 398 3838; x_wconf 85' lang='lat' dir='ltr'><strong>milri</strong></span> <span class='ocrx_word' id='word_1_307' title='bbox 420 3791 575 3858; x_wconf 79' lang='lat' dir='ltr'><strong>sceptrum</strong></span> <span class='ocrx_word' id='word_1_308' title='bbox 597 3790 693 3858; x_wconf 57' lang='lat' dir='ltr'><strong>‚atque</strong></span> <span class='ocrx_word' id='word_1_309' title='bbox 721 3783 867 3841; x_wconf 85' lang='lat' dir='ltr'><strong>vexillum</strong></span> <span class='ocrx_word' id='word_1_310' title='bbox 894 3792 925 3842; x_wconf 90' lang='lat' dir='ltr'><strong>et</strong></span> <span class='ocrx_word' id='word_1_311' title='bbox 952 3784 1104 3843; x_wconf 85' lang='lat' dir='ltr'><strong>benedixit</strong></span> <span class='ocrx_word' id='word_1_312' title='bbox 1131 3785 1326 3843; x_wconf 88' lang='lat' dir='ltr'><strong>sanctissimo</strong></span> 
     </span>
     <span class='ocr_line' id='line_1_36' title="bbox 121 3873 1327 3965; baseline 0.003 -25"><span class='ocrx_word' id='word_1_313' title='bbox 121 3880 322 3947; x_wconf 76' lang='lat' dir='ltr'><strong>Patriarchac</strong></span> <span class='ocrx_word' id='word_1_314' title='bbox 336 3884 427 3960; x_wconf 85' lang='lat' dir='ltr'><strong>regni</strong></span> <span class='ocrx_word' id='word_1_315' title='bbox 448 3884 508 3943; x_wconf 89' lang='lat' dir='ltr'><strong>mei</strong></span> <span class='ocrx_word' id='word_1_316' title='bbox 530 3873 562 3944; x_wconf 86' lang='lat' dir='ltr'><strong>et</strong></span> <span class='ocrx_word' id='word_1_317' title='bbox 583 3884 676 3942; x_wconf 78' lang='lat' dir='ltr'><strong>totius</strong></span> <span class='ocrx_word' id='word_1_318' title='bbox 688 3885 865 3963; x_wconf 81' lang='lat' dir='ltr'><strong>Bulgariae,</strong></span> <span class='ocrx_word' id='word_1_319' title='bbox 887 3904 925 3944; x_wconf 86' lang='lat' dir='ltr'><strong>ex</strong></span> <span class='ocrx_word' id='word_1_320' title='bbox 945 3898 1106 3965; x_wconf 89' lang='lat' dir='ltr'><strong>praecepto</strong></span> <span class='ocrx_word' id='word_1_321' title='bbox 1120 3897 1246 3947; x_wconf 87' lang='lat' dir='ltr'><strong>vestrae</strong></span> <span class='ocrx_word' id='word_1_322' title='bbox 1263 3905 1327 3946; x_wconf 88' lang='lat' dir='ltr'><strong>san·</strong></span> 
     </span>
     <span class='ocr_line' id='line_1_37' title="bbox 124 3984 1326 4066; baseline 0.005 -24"><span class='ocrx_word' id='word_1_323' title='bbox 124 3985 249 4051; x_wconf 80' lang='lat' dir='ltr'><strong>etitatis.</strong></span> <span class='ocrx_word' id='word_1_324' title='bbox 270 3986 310 4043; x_wconf 84' lang='lat' dir='ltr'><strong>llt</strong></span> <span class='ocrx_word' id='word_1_325' title='bbox 328 3984 416 4044; x_wconf 86' lang='lat' dir='ltr'><strong>valde</strong></span> <span class='ocrx_word' id='word_1_326' title='bbox 437 3987 504 4045; x_wconf 84' lang='lat' dir='ltr'><strong>Deo</strong></span> <span class='ocrx_word' id='word_1_327' title='bbox 527 3994 558 4045; x_wconf 87' lang='lat' dir='ltr'><strong>ct</strong></span> <span class='ocrx_word' id='word_1_328' title='bbox 577 3985 773 4048; x_wconf 75' lang='lat' dir='ltr'><strong>beatissimae</strong></span> <span class='ocrx_word' id='word_1_329' title='bbox 795 3987 854 4047; x_wconf 85' lang='lat' dir='ltr'><strong>Dei</strong></span> <span class='ocrx_word' id='word_1_330' title='bbox 875 3989 1036 4066; x_wconf 86' lang='lat' dir='ltr'><strong>genitrici,</strong></span> <span class='ocrx_word' id='word_1_331' title='bbox 1058 4008 1113 4048; x_wconf 88' lang='lat' dir='ltr'><strong>nec</strong></span> <span class='ocrx_word' id='word_1_332' title='bbox 1134 4011 1195 4050; x_wconf 90' lang='lat' dir='ltr'><strong>non</strong></span> <span class='ocrx_word' id='word_1_333' title='bbox 1219 4002 1250 4051; x_wconf 91' lang='lat' dir='ltr'><strong>ct</strong></span> <span class='ocrx_word' id='word_1_334' title='bbox 1272 3993 1326 4052; x_wconf 91' lang='lat' dir='ltr'><strong>cir·</strong></span> 
     </span>
     <span class='ocr_line' id='line_1_38' title="bbox 124 4087 1326 4170; baseline 0.004 -24"><span class='ocrx_word' id='word_1_335' title='bbox 124 4087 537 4164; x_wconf 73' lang='lat' dir='ltr'><strong>cumspectiouisanctitatis</strong></span> <span class='ocrx_word' id='word_1_336' title='bbox 559 4098 681 4148; x_wconf 89' lang='lat' dir='ltr'><strong>vestrae</strong></span> <span class='ocrx_word' id='word_1_337' title='bbox 702 4091 957 4168; x_wconf 82' lang='lat' dir='ltr'><strong>glorificavimus,</strong></span> <span class='ocrx_word' id='word_1_338' title='bbox 986 4111 1023 4152; x_wconf 91' lang='lat' dir='ltr'><strong>co</strong></span> <span class='ocrx_word' id='word_1_339' title='bbox 1054 4094 1145 4170; x_wconf 84' lang='lat' dir='ltr'><strong>quod.</strong></span> <span class='ocrx_word' id='word_1_340' title='bbox 1162 4095 1326 4154; x_wconf 88' lang='lat' dir='ltr'><strong>secundum</strong></span> 
     </span>
     <span class='ocr_line' id='line_1_39' title="bbox 109 4191 1365 4312; baseline 0.003 -58"><span class='ocrx_word' id='word_1_341' title='bbox 109 4191 441 4270; x_wconf 67' lang='lat' dir='ltr'><strong>petitiouomimporii</strong></span> <span class='ocrx_word' id='word_1_342' title='bbox 462 4193 524 4255; x_wconf 86' lang='lat' dir='ltr'><strong>mei</strong></span> <span class='ocrx_word' id='word_1_343' title='bbox 545 4193 691 4255; x_wconf 77' lang='lat' dir='ltr'><strong>emetitas</strong></span> <span class='ocrx_word' id='word_1_344' title='bbox 713 4202 820 4258; x_wconf 69' lang='lat' dir='ltr'><strong>vestm</strong></span> <span class='ocrx_word' id='word_1_345' title='bbox 840 4201 948 4256; x_wconf 75' lang='lat' dir='ltr'><strong>totum]</strong></span> <span class='ocrx_word' id='word_1_346' title='bbox 962 4211 1053 4258; x_wconf 88' lang='lat' dir='ltr'><strong>suum</strong></span> <span class='ocrx_word' id='word_1_347' title='bbox 1078 4199 1158 4266; x_wconf 82' lang='lat' dir='ltr'><strong>uelle</strong></span> <span class='ocrx_word' id='word_1_348' title='bbox 1187 4197 1327 4277; x_wconf 80' lang='lat' dir='ltr'><strong>adtnpte·</strong></span> <span class='ocrx_word' id='word_1_349' title='bbox 1362 4234 1365 4312; x_wconf 58' lang='lat' dir='ltr'><strong>p</strong></span> 
     </span>
    </p>
   </div>
   <div class='ocr_carea' id='block_1_3' title="bbox 0 0 1385 4604">
    <p class='ocr_par' dir='ltr' id='par_1_5' title="bbox 0 0 1385 4604">
     <span class='ocr_line' id='line_1_40' title="bbox 0 0 1385 4604; baseline 0 0"><span class='ocrx_word' id='word_1_350' title='bbox 0 0 1385 4604; x_wconf 95' lang='lat' dir='ltr'><strong> </strong></span> 
     </span>
    </p>
   </div>
  </div>
 </body>
</html>
