2746 4604
1166 153 1248 213 'lid

51 303 129 357 state
150 293 273 385 possim-
287 290 382 356 launo
396 299 523 359 utuntur
530 290 696 378 colloquio·
706 308 750 343 ····
761 293 811 355 nx
821 290 872 354 bis
886 290 964 357 locis
972 289 1152 359 declinando
1166 295 1247 357 viam

51 399 87 459 ad
106 385 387 495 umectumididini·
396 408 435 458 'et
447 399 603 476 Nicopolis
624 399 817 478 dirigentem,
838 399 876 459 ad
888 401 1006 460 laevam
1021 400 1112 459 offert
1123 416 1158 458 se
1171 399 1253 459 Vaa-

51 503 154 565 sillum
175 513 322 578 castrum,
342 503 590 582 medimmiermc
611 505 784 564 consistens
805 505 886 564 inter
905 498 1084 564 Valacbitm
1104 502 1252 563 nidorem

51 617 80 667 et
98 608 264 677 minorem,
280 626 359 685 quac
381 617 411 666 et
431 607 585 667 Moldavla
606 607 728 684 dicitur,
742 603 773 689 *)
788 607 839 668 ubi
859 626 951 684 saepe
973 625 1041 678 cum
1063 607 1174 667 'furcis
1187 622 1253 666 cer·

51 720 149 772 tataru
168 720 228 770 eat.
249 710 383 772 Draoula
405 712 575 773 enimcum
596 713 711 788 paucis,
723 712 788 772 sed
809 710 937 772 delectis
957 710 1123 779 militibus,
1145 708 1253 769 lelna·

51 823 165 873 motem
185 815 358 874 'l'urcorum
378 816 597 891 Imperatorem
624 816 752 892 potitum
777 812 840 888 jam
867 815 975 874 maiori
995 807 1144 873 Valaobia
1164 813 1253 875 et'ad

50 919 200 978 minorem
221 918 424 994 occupandam
445 928 663 989 maturantem,
684 917 734 978 bic
755 919 793 978 ad
814 918 976 978 secundam
997 917 1133 994 vigiliam
1155 917 1253 977 noetis

50 1039 227 1098 aggressus
234 1033 442 1101 ,conversum
468 1022 505 1083 ad
526 1023 718 1100 Danubium,
742 1040 813 1083 cum
835 1039 945 1100 magna
966 1039 1092 1080 suorum
1111 1019 1203 1079 caede
1224 1028 1256 1079 et

52 1123 220 1200 ignominia
239 1123 365 1202 regredi
385 1125 497 1202 coegit.
518 1124 578 1184 Hic
599 1124 726 1201 denique
740 1123 912 1202 Stephanus
927 1124 1097 1183 Moldaviae
1105 1110 1253 1200 Princeps

54 1225 262 1286 Solcimanum
282 1231 412 1287 Bassum
434 1239 466 1288 et
484 1230 602 1289 Ducem
617 1231 782 1290 Romaniao
803 1230 849 1289 sic
870 1230 1046 1306 prostravit,
1069 1237 1101 1287 ut
1115 1246 1155 1288 ex
1166 1228 1254 1288 XXX

56 1331 226 1389 'lurcorum
246 1331 398 1401 millibus,
420 1334 506 1408 pauci
529 1332 708 1403 admodum,
730 1333 781 1408 qui
796 1331 875 1391 torte
891 1331 1095 1391 velocioribus
1109 1333 1252 1409 oquisin·
1335 1357 1336 1362 ¹

56 1433 199 1502 siderant,
220 1434 404 1521 evaserint.”·
415 1430 459 1517 ”J
474 1436 727 1495 valentissimum
740 1436 819 1495 hunc
832 1438 1067 1511 Imperatorem,
1082 1437 1254 1494 Draconem

57 1536 130 1605 dieo,
146 1539 293 1599 australis
306 1540 420 1601 Daeiac
433 1541 617 1616 Principem,
637 1540 795 1599 Boniinius
817 1557 934 1599 suntme
956 1555 1025 1596 eum
1047 1538 1253 1599 enthusiaamo

56 1641 198 1704 nominat.
225 1644 379 1717 „Dracula
400 1640 471 1726 (ait)
494 1639 680 1717 Vulaohiae,
697 1662 791 1722 quam
811 1643 986 1703 Montanam
1008 1642 1155 1713 dicimus,
1180 1640 1254 1716 ***)

105 1945 131 2010 ⁴⁵)
146 1946 222 1999 Hinc
239 1954 354 2014 apparet
370 1949 549 2016 Hungarleos
567 1950 725 2018 scriptores
739 1951 857 2003 Daciam
876 1949 1028 2003 australem
1046 1949 1187 2019 appellare
1201 1950 1256 2013 Vc-

10 2022 12 2027 ¹
153 2039 274 2087 locotione
290 2041 418 2088 maiorem
437 2046 466 2090 ct
485 2039 651 2098 orientalem
665 2045 811 2108 salomem,-
836 2040 910 2108 quod
929 2039 1000 2106 apud
1020 2038 1172 2091 Poloniooe
1191 2050 1254 2088 con-

155 2124 245 2176 trarle
261 2123 304 2188 iit3
323 2125 351 2176 bi
369 2111 444 2176 enirn
462 2126 627 2179 orientalem
645 2127 742 2179 dicunt
758 2131 887 2179 erratorem
900 2136 928 2181 et
940 2129 1093 2180 australem
1110 2131 1239 2178 minorem

152 2211 195 2262 uti
211 2211 347 2265 exvcrbis
355 2214 498 2266 Dricbovii
515 2214 649 2281 colligere
661 2215 735 2268 licet.
751 2216 828 2268 ldem
843 2215 948 2267 iactum
963 2215 1052 2267 tuisse
1069 2213 1179 2265 videtur
1192 2227 1254 2264 eum

151 2301 261 2354 turrira
280 2304 508 2366 nomenclatura;
531 2303 720 2369 praetendunt
737 2316 854 2369 namque
872 2302 999 2369 plerique
1016 2300 1181 2354 orientalem
1201 2298 1255 2350 dlci

152 2387 187 2441 ab
201 2389 259 2441 illis
272 2395 443 2458 Korn-istae,
461 2391 655 2443 claustralem
668 2395 812 2458 Aristar,-
825 2391 962 2456 Princeps
976 2396 1069 2441 autem
1079 2386 1255 2442 cuntemirus

154 2477 329 2530 contrarium
346 2479 468 2542 asserit,
492 2479 570 2531 illum
589 2483 732 2531 Alc-Wlole
754 2485 784 2532 et
803 2481 876 2531 banc
888 2482 1065 2530 liora-What
1080 2489 1255 2542 nuncupant.

153 2567 212 2618 llos
225 2565 307 2619 etlam
314 2601 323 2629 ,
335 2566 390 2617 nisi
407 2565 563 2619 indubitate
575 2565 742 2619 solverimus
755 2566 882 2619 Graecae
899 2566 1023 2633 priorem
1035 2563 1256 2633 Μαυροβλαχιαν

154 2660 183 2705 et
194 2654 381 2720 posteriorem
393 2653 589 2722 Αργοβλαχιαν
602 2655 774 2720 nominasse,
780 2655 857 2707 illiue
874 2655 1032 2707 sententiae
1047 2653 1255 2715 accederemus,

154 2754 239 2808 quum
256 2749 403 2808 praeterea
414 2742 596 2807 noverimus,
620 2742 720 2796 urbem
738 2757 848 2811 quoque
866 2747 1039 2795 Monoortron
1058 2742 1118 2793 aive
1143 2737 1255 2807 Λσπρο-

154 2831 285 2898 so'orpoo,
304 2845 375 2897 quae
387 2830 422 2882 ab
437 2831 538 2883 incolis
553 2833 686 2884 Romania
702 2836 818 2886 ciuitate
831 2836 911 2895 albo,
929 2830 1059 2884 aliuasia
1072 2843 1140 2880 vero
1155 2826 1255 2879 vicinis
1317 2889 1320 2894 Ι

154 2921 300 2978 Btetoprou
312 2919 477 2985 appellatur,
496 2920 530 2972 ab
549 2921 647 2972 iisdem
660 2920 761 2972 Turois
773 2924 960 2982 At-Kirmon,
979 2925 1007 2971 et
1020 2918 1103 2969 aliam
1119 2915 1188 2967 citra
1200 2915 1256 2964 Da-

155 3006 271 3058 nubium
284 3007 368 3059 sitam
381 3011 601 3061 liora-'Ktrmtn
614 3009 679 3061 dici.
702 3008 758 3061 Sed
774 3008 802 3059 id
823 3009 915 3061 fucere
937 3011 1120 3069 recuaantes,
1138 3002 1254 3068 ucqtdd·

157 3109 241 3161 quam
256 3096 438 3148 eruditissimi
451 3097 504 3149 vlri
520 3087 685 3151 ¹auotorltutl
700 3098 849 3150 detrahere
862 3097 1009 3159 volumus,
1029 3108 1113 3159 quum
1128 3091 1253 3142 sciamus

152 3196 217 3234 curn
223 3220 233 3249 ,
251 3188 349 3250 utpote
363 3184 409 3251 qul
424 3185 451 3236 in
465 3186 529 3238 aula
541 3187 650 3240 turcico
664 3186 801 3238 educatus
818 3191 875 3247 est,
893 3185 973 3250 plene
991 3184 1043 3234 bas
1057 3181 1171 3233 novisse
1188 3171 1256 3244 rea,

153 3270 204 3322 sed
222 3268 395 3324 affirmamus
407 3273 465 3337 jam
473 3275 582 3326 'lurcos
594 3275 673 3340 ipsos
684 3275 712 3325 ln
724 3273 815 3325 dendo
824 3273 936 3325 nomine
951 3266 1144 3323 inconstantes
1158 3268 1255 3319 inisse.

155 3360 305 3412 caeterum
327 3364 460 3412 Voloetlo
475 3366 562 3414 motor
581 3363 673 3414 adbuc
689 3362 782 3414 minus
801 3360 996 3414 confundenda
1013 3364 1059 3411 eat
1077 3372 1140 3410 cum
1159 3358 1256 3409 bomo·

155 3461 237 3512 nyma
251 3461 354 3513 graece
368 3455 469 3502 vocato
485 3449 717 3513 Meyatofllozaop
737 3464 800 3501 nam
820 3451 890 3502 baec
914 3455 960 3501 est
979 3448 1007 3499 ln
1025 3445 1190 3508 Thessalia,
1208 3444 1256 3495 ubi

154 3536 240 3588 etiam
252 3535 494 3589 ville-Hardouinl
508 3530 760 3603 utonem-'ntupum
780 3537 939 3605 qurerenda
946 3574 954 3602 ‚
973 3543 1031 3589 eta
1053 3550 1155 3603 graeca
1168 3533 1257 3602 Apro·

153 3622 257 3686 βλαχια
272 3625 382 3691 aequali
397 3626 479 3679 modo
498 3625 704 3692 distinguenda.
726 3627 839 3680 Pariter
857 3624 1043 3678 discernenda
1061 3629 1106 3676 est
1123 3626 1255 3673 Votocts'o

155 3715 243 3764 minor
254 3712 284 3763 ln
292 3713 406 3764 Traiani
419 3712 515 3777 Dacia,
527 3712 562 3764 ab
572 3713 654 3764 buius
662 3714 782 3765 nominis
791 3713 903 3779 regione
917 3713 944 3764 ln
953 3711 1102 3764 sclavonia
1114 3710 1256 3776 sita,quac

155 3814 175 3851 a
191 3799 328 3853 Sclavlcls
346 3814 420 3853 nunc
439 3801 541 3854 colitur
557 3801 706 3868 gentibus,
728 3808 838 3854 retento
864 3801 975 3854 nomine
992 3800 1167 3867 antiquorum
1180 3797 1259 3848 inco·

25 3922 34 3947 ρ,
155 3888 263 3952 larum3
281 3903 370 3958 acque
388 3905 421 3942 ac
437 3893 593 3942 Morololo’o
610 3891 767 3948 Dalmatiae
780 3906 797 3943 a
810 3894 1018 3943 Macrobioetio
1036 3888 1149 3941 Daciae.
1214 3939 1218 3947 ,

10 4006 26 4044 μ
93 3973 132 4044 “)
149 3979 234 4030 nette
248 3981 410 4041 feroncius,
419 3978 590 4031 Dissertatio
610 3978 645 4033 de
657 3979 807 4032 Itineribus
821 3978 1003 4047 aggrediendi
1015 3981 1135 4051 {turoam
1146 3975 1180 4028 ad
1191 3974 1245 4028 vla

154 4064 277 4117 dislaum
293 4069 456 4134 nungarroc
472 4074 501 4120 et
514 4067 663 4120 Bobemlae
677 4070 792 4134 Regem.
1120 4054 1124 4059 ’

18 4216 21 4221 ,
81 4151 135 4220 m)
151 4142 349 4222 iiouorolfdtd,
365 4159 583 4224 lutroaeoatuno,
601 4155 799 4223 Didi-Oroete,
820 4159 968 4213 Voloctire
984 4160 1115 4218 Renum.
