2746 4604
473 200 617 278 syntaxis
633 199 888 262 Interiectienum.
1214 195 1278 264 283

80 353 131 416 Do
153 353 301 414 tumme
315 351 580 432 injuwrwtienu
590 370 659 412 me-
680 351 716 412 Si
737 353 767 410 in
785 351 941 426 juventute
962 347 1133 439 iaburasset
1147 366 1206 410 non
1224 367 1275 428 pe·

118 459 205 519 ricae
225 458 425 535 defamem
446 457 645 516 veteranetic.
717 456 825 515 riisset
845 455 925 515 ieme
945 455 976 513 in
998 461 1162 515 senectute.

178 609 251 662 Nota
263 611 286 660 1.
304 606 529 674 Quotiescunque
547 611 640 658 autem
657 602 780 656 conditio
793 609 825 656 nt
839 609 918 656 certa
930 603 1104 671 exprimitur,
1122 607 1276 656 occurrunt

80 696 131 748 irae
144 694 361 748 coniunctiones
379 708 442 747 cum
459 698 608 761 praesente
619 699 746 759 tempore
758 691 904 746 ludtcativi
916 692 1007 757 modi3
1024 706 1086 773 eq.
1101 696 1136 745 do
1148 694 1170 753 n·
1183 707 1198 744 e
1210 698 1276 751 sete,

80 789 161 850 tete,
177 784 203 836 si
220 780 283 836 sitis
300 782 373 838 bibe.
531 781 535 786 ⁴
629 782 633 787 ’

97 894 102 904 ’
179 897 206 947 ².
229 892 392 947 Coniunctis
410 908 460 957 quo
478 891 566 960 qued,
591 905 757 959 quecunque
773 905 861 944 sensu
877 889 1059 951 adhibeatur,
1082 901 1193 955 semper
1210 903 1275 942 cum

77 981 234 1034 indicative
249 982 332 1034 modo
349 979 476 1048 periture
494 993 521 1032 e.
537 994 565 1046 g.
582 983 644 1041 Ere
661 983 721 1032 retu
733 980 767 1040 s'u
785 985 818 1034 cte
834 984 919 1032 mette
936 993 987 1043 quc
1004 980 1101 1037 Marce
1118 993 1133 1030 e
1149 980 1274 1042 miscite,
1319 989 1320 999 ¹

76 1072 140 1138 Ego
155 1071 215 1136 iam
232 1072 339 1140 pridem
356 1068 437 1132 scio,
456 1067 530 1136 quod
546 1070 662 1123 Merene
678 1082 797 1138 nequem
814 1067 861 1121 sit.

347 1243 1008 1301 sinunxtstnnttnlncnlotttttt.
1119 1301 1121 1305 ,

182 1385 209 1448 i.
233 1385 460 1444 interiectiones
481 1385 554 1445 lieet
574 1393 678 1461 partes
700 1384 846 1445 orationis
869 1383 930 1441 sint
951 1381 1210 1459 simplicissimae,
1232 1389 1263 1439 ta

77 1509 148 1549 men
171 1491 203 1548 vi
224 1509 279 1549 sua
291 1489 438 1578 [integras
459 1472 591 1548 formant
612 1471 788 1557 sententias,
811 1496 939 1565 suntque
959 1466 1218 1546 interParticulas
1232 1483 1274 1554 id,

77 1594 159 1671 quod
181 1594 349 1653 Vocativus
371 1594 402 1650 in
421 1592 600 1652 Nominibus
621 1601 652 1650 et
672 1592 871 1668 imperativus
892 1592 922 1650 in
930 1590 1055 1659 Verbis,
1076 1606 1144 1650 cum
1166 1587 1273 1666 quibus

79 1699 173 1758 etiem
194 1697 442 1775 frequentissime
465 1703 642 1764 occurrunt,
664 1714 695 1763 e.
717 1714 750 1773 g.

80 1819 111 1883 0
129 1820 190 1900 filit
210 1821 282 1897 mei,
303 1819 403 1880 leuati
415 1820 494 1880 bene
512 1841 533 1882 a
553 1824 656 1882 mente
677 1819 703 1881 0
724 1821 779 1881 filii
799 1818 871 1889 mei,
892 1817 1035 1880 attendite
1060 1817 1137 1878 bene
1164 1815 1202 1876 ad
1222 1833 1273 1888 ea,

123 1921 145 1984 ὰ
166 1925 271 2006 quelle
290 1941 352 2004 quc
372 1925 403 1984 ei
422 1922 519 1984 utcu!
579 1960 582 1972 ·
683 1934 685 1940 ’
723 1944 799 2004 quae
820 1925 906 1985 vobis
928 1923 1013 1984 dicet

79 2027 167 2096 Heu,
188 2029 254 2088 mai
273 2029 383 2088 inante
398 2046 446 2092 nn
465 2048 502 2089 se
520 2026 640 2109 perpe!
680 2030 841 2099 consiste,
862 2029 990 2088 ulterius
1012 2043 1070 2086 non
1090 2024 1192 2093 ititur!

81 2132 127 2192 Hi
132 2174 144 2208 ,
163 2127 334 2211 pteramut
679 2134 747 2212 itia,
768 2132 960 2192 moveamus!

80 2234 180 2296 Muta·
201 2231 300 2294 anni!
679 2237 761 2296 Vive
774 2235 887 2295 multus
907 2236 1018 2294 annes!

82 2338 166 2407 lieu,
187 2356 234 2399 nu
254 2340 279 2398 tt
299 2335 429 2398 credin!
679 2342 741 2399 Per
761 2341 872 2409 Deum,
892 2357 951 2398 non
974 2337 1063 2398 credo
1084 2334 1154 2395 tibi!

81 2441 201 2504 Nicola
228 2442 372 2502 audindu
392 2438 565 2524 equestre-ci
591 2442 660 2501 dis-
680 2444 823 2503 Nicolaus
845 2442 903 2502 hoc
923 2441 1050 2500 audieus
1076 2438 1195 2517 aperuit
1220 2453 1275 2496 ees

125 2545 235 2605 eiusce
260 2546 395 2623 pula’la
416 2551 539 2628 quantu
557 2542 658 2626 patei,
722 2558 865 2627 quantum
885 2545 994 2624 potuit,
1012 2553 1043 2604 et
1063 2544 1164 2623 erupit
1177 2542 1208 2600 in
1220 2541 1274 2601 hat

125 2652 160 2709 et
175 2650 300 2711 intense
320 2669 389 2710 unu
409 2647 473 2712 lui!
492 2645 555 2710 leci!
574 2645 639 2711 leci!
727 2650 781 2710 ha!
801 2649 855 2709 ha!

180 2801 215 2875 2)
238 2801 486 2862 Interiectiones:
510 2803 562 2861 vai
583 2820 649 2871 vae,
672 2801 750 2861 tene
770 2801 847 2861 bene
864 2766 928 2861 reu
948 2800 1043 2867 male,
1060 2797 1161 2875 selice
1182 2795 1273 2863 felix,
1324 2843 1331 2855 .

80 2903 209 2963 rniaellu
229 2906 333 2974 miser,
355 2916 484 2982 poscunt
504 2907 764 2982 Praepositionem
785 2906 914 2994 depost
942 2924 975 2963 se
998 2902 1193 2991 sequentiltus
1215 2903 1274 2960 Nc·

81 3010 213 3067 minibus
233 3011 281 3068 vel
303 3010 553 3077 Pronominibus3
575 3030 602 3070 e.
625 3029 656 3089 g.

85 3131 147 3191 Vai
166 3133 205 3192 de
225 3136 279 3192 noi
295 3133 521 3212 peccatosi’li!
682 3136 749 3194 Vae
771 3134 857 3193 nobis
879 3131 1106 3211 peccatoribus!

80 3234 464 3310 mercenariorumque
486 3240 550 3298 mai
568 3238 659 3317 potin
678 3237 828 3296 Miserum
850 3256 908 3307 me,
931 3255 987 3297 nec
1009 3236 1132 3314 passum
1147 3232 1275 3311 amplius

117 3342 234 3418 facere
255 3357 323 3400 utcu
341 3339 468 3420 pascu!
720 3343 823 3402 iacere
843 3343 979 3414 possum!
1258 3402 1261 3407 ,

84 3441 468 3521 Carrtpu'luecientia'lei
482 3447 659 3520 eustanum,
680 3446 811 3522 (tenipus
833 3445 978 3504 scientiae
1005 3439 1052 3501 est
1081 3444 1220 3522 angustis
1240 3444 1275 3500 li-

123 3565 199 3606 vero
220 3546 286 3607 eliu
307 3548 529 3610 eredentia’tei
550 3568 568 3609 e
590 3547 661 3608 Iar·
721 3549 843 3608 mitibus
873 3548 1138 3623 circumscriptus,
1170 3564 1275 3605 verum

122 3666 186 3726 pu,
216 3650 306 3729 quali
335 3669 381 3712 me
406 3671 449 3712 eu
469 3654 608 3713 contenti
627 3654 678 3711 in·
722 3652 792 3712 fidei
805 3663 852 3712 est
865 3636 1138 3731 lergissimus,‚qui
1151 3650 1202 3710 iilo
1216 3669 1274 3709 nen

127 3749 297 3832 sequellas-ci
318 3744 355 3813 ee
372 3760 450 3834 potu
460 3775 664 3817 auerrunea·
726 3765 795 3817 sunt
817 3757 960 3832 contenti,
982 3762 1109 3833 possunt
1130 3771 1164 3812 se
1185 3753 1277 3832 proii-
1318 3788 1321 3793 ·

95 3897 98 3903 -
126 3876 165 3918 re
185 3859 220 3917 in
240 3854 426 3940 equester-ci,
447 3861 662 3939 aieipotufite
724 3879 794 3922 cere
816 3862 846 3920 in
867 3861 963 3930 hunc,
994 3859 1044 3919 hic
1064 3867 1192 3936 possunt
1206 3875 1276 3917 esse

120 3961 251 4042 soliciti,
272 3981 359 4042 vero,
382 3965 432 4025 vai
450 3963 488 4024 de
504 3963 662 4042 felicitate
723 3951 846 4034 felices,
880 3983 987 4026 verum
1008 3982 1064 4024 vae
1084 3959 1222 4024 felicitati
1242 3959 1276 4023 il·

126 4065 174 4127 ’lu
196 4064 290 4128 loru!
470 4127 472 4131 ,
726 4069 839 4128 lerum!
897 4052 899 4056 ’
1294 4057 1308 4064 ”

504 4225 879 4246 W
