2746 4604
125 175 158 230 1,.

228 303 411 370 Gementsm
420 304 506 364 'nune
523 316 562 363 ex
576 301 658 362 omni
672 310 760 380 perte
775 298 833 364 sub
847 301 1018 365 'i'uroornm
1030 279 1193 380 tyrannide¹
1202 303 1330 365 Dacium

127 408 276 480 Mteoaet
289 405 475 470 Ballienses
492 405 636 465 australis
657 407 792 467 eiusdem
810 407 991 468 Provinciae
1008 408 1176 485 Princeps,
1195 408 1330 487 ingentis

128 518 223 582 animi
233 516 299 596 nir,
321 513 404 572 eirea
417 509 508 570 finem
522 510 656 572 infelicis
671 510 786 572 saeculi
805 510 914 571 deoimi
933 512 1031 582 sexti,
1053 512 1185 572 liberare
1204 521 1329 572 uenatus

128 631 189 693 est,
211 620 263 697 qui
283 616 367 678 felici
379 632 447 675 oum
463 629 610 674 successu
624 623 729 676 eontra
743 613 891 674 barbaros
905 633 1055 694 pugnans,
1078 633 1113 675 eo
1131 619 1330 693 pervenerat,

126 736 163 788 ut
183 724 220 785 ab
249 722 294 781 eis
318 729 380 780 tam
406 735 493 778 suam
515 719 644 795 petriam
664 717 950 797 Prineipatumque,
980 737 1069 796 quam
1088 718 1275 778 Moldaviam
1300 728 1328 780 et

127 823 390 893 Transsilvuniam
409 829 573 900 purgaret,
600 830 631 880 et
649 831 773 899 propter
796 831 858 882 tam
879 823 1003 883 fortiter
1018 832 1107 925 gestp
1121 824 1251 881 summis
1273 823 1326 881 im·

126 932 206 1014 perii
221 928 320 991 titulis
334 946 352 988 a
364 924 523 1003 liudolpho
538 927 577 984 Π.
591 927 778 1002 Imperatore
796 936 968 996 ornaretur,
990 935 1040 986 ast
1060 928 1248 986 aemulorum
1263 925 1327 1007 odio

125 1052 274 1117 pressus,
302 1033 352 1092 vir
374 1031 426 1108 qni
446 1026 531 1088 solus
552 1038 624 1090 tune
640 1039 728 1106 aptus
748 1039 815 1092 erat
836 1031 872 1089 ad
894 1031 1070 1090 salvandam
1092 1048 1110 1090 a
1131 1030 1328 1091 harbarorum

122 1141 201 1222 Jugo
208 1142 378 1214 Europam,
399 1134 480 1192 inter
497 1131 643 1192 tumultus
660 1132 787 1197 bellicos
801 1135 970 1193 exstinctus
988 1144 1044 1195 est.
1059 1129 1089 1208 *J

228 1244 348 1303 Durum
361 1238 420 1298 heo
431 1237 549 1296 ratione
558 1233 669 1314 jugum
679 1246 742 1296 tam
757 1238 902 1298 universa
914 1236 1022 1307 Dacia,
1036 1255 1124 1315 quam
1138 1239 1242 1298 vicina
1254 1240 1328 1298 Pan·
1354 1296 1360 1304 ,

132 1344 235 1418 uenia,
256 1343 395 1405 omnihus
409 1342 525 1402 fractae
537 1339 673 1411 viribus,
693 1339 777 1400 ierne
788 1339 896 1413 jussae
913 1350 995 1412 sunt,
1016 1350 1258 1420 gemueruntque
1275 1341 1328 1400 sub

127 1470 186 1522 eo,
206 1465 304 1527 usquo
320 1446 357 1506 ad
369 1445 442 1505 Divi
455 1442 601 1520 Leopoldi
621 1443 728 1521 Magni
749 1452 906 1522 tempora,
929 1446 1036 1523 quibus
1059 1445 1178 1505 tandem
1198 1455 1269 1522 post
1287 1446 1329 1504 in·

121 1572 258 1616 numera
279 1553 401 1611 funesta
420 1550 502 1626 iata,
522 1556 626 1625 partes
647 1546 684 1606 ad
704 1546 880 1626 Hungariae
903 1549 975 1608 olim
996 1566 1126 1627 regnum
1146 1549 1329 1626 pertinentes

129 1679 149 1720 a
162 1654 303 1719 barbaris
320 1661 484 1733 purgatae,
506 1650 564 1711 snb
577 1652 786 1775 Auupustorum
799 1661 948 1711 venerunt
963 1642 1135 1730 sceptrum,
1159 1670 1256 1729 saepe
1271 1652 1330 1730 qui·

129 1763 198 1825 dem
215 1770 339 1840 postea,
346 1775 445 1836 usque
465 1755 503 1815 ad
518 1754 690 1833 gloriosum
702 1755 882 1817 Immortalis
895 1758 1063 1817 memoriae
1075 1756 1207 1835 Josephi
1218 1758 1258 1818 11.
1274 1759 1329 1816 lm·

124 1965 528 1991 Μ

182 2129 212 2200 ⁴')
228 2135 367 2196 loo-Aoo.
383 2135 518 2195 ronanus,
533 2129 657 2185 Historia
669 2131 714 2186 sot
730 2135 871 2198 temporis,
895 2131 960 2188 nio.
974 2134 1031 2192 CX.
1045 2136 1110 2196 Coto.
1123 2139 1153 2188 6.
1163 2133 1227 2188 Lib.
1242 2135 1330 2188 CXIV.

233 2225 299 2284 ean.
313 2228 342 2289 s,
359 2226 409 2286 so,
424 2225 474 2288 12,
480 2222 542 2274 uso.
556 2223 637 2274 cxv.
650 2223 714 2283 cap.
723 2218 772 2276 14.
786 2219 847 2276 uto.
857 2218 942 2274 cxx.
951 2222 1017 2284 cos.
1025 2228 1053 2285 1,
1061 2227 1090 2286 2,
1099 2229 1128 2276 e.
1141 2226 1203 2278 nso.
1212 2226 1328 2277 cxxiv.
1347 2212 1357 2225 '

233 2312 301 2371 con
318 2311 356 2362 12
377 2310 682 2362 e213.1,ie.cxxvt
698 2311 764 2370 Con.
778 2314 828 2362 ts.
852 2311 924 2362 Item
940 2314 1073 2364 Nieoloos
1089 2315 1248 2372 lstkossnfiass
1263 2317 1333 2364 Pon·

232 2397 474 2458 nomenniomen
491 2400 525 2448 de
541 2399 620 2447 rebus
629 2399 796 2458 Hesperiae
812 2400 1337 2461 eto.xx1x,xxx‚xxxletxxxtt.

233 2490 306 2540 Item
314 2487 490 2547 Wolfooooos
506 2487 541 2537 de
557 2487 680 2548 Betnlen,
692 2487 816 2539 Historia
831 2491 866 2538 de
882 2489 937 2541 reb.
948 2490 1180 2550 Tromentoom'os's
1193 2488 1256 2542 eto.
1266 2489 1336 2551 vili,

235 2578 292 2637 tx,
309 2575 337 2625 X
353 2577 381 2623 et
395 2573 445 2622 XI.

303 2656 481 2720 Bethlenlus,
498 2657 545 2710 vel
562 2657 657 2725 potins
677 2658 739 2712 eius
757 2658 848 2713 editor
858 2661 967 2725 Benko,
985 2662 1080 2715 statim
1097 2659 1341 2731 subiungitzsue·

238 2764 292 2803 nus
310 2747 463 2802 obscurum
480 2745 594 2799 militari
609 2749 776 2802 strenuitate
789 2751 1016 2804 emendaverat«
1029 2747 1254 2806 curioseivelut
1265 2767 1337 2807 oom-

238 2851 323 2893 mune
340 2848 430 2902 genus
446 2833 599 2886 humanum
616 2835 746 2888 mendum
762 2837 846 2900 foret,
865 2838 940 2904 quod
957 2837 1163 2891 emendandum
1182 2833 1274 2893 esset!
1287 2836 1338 2892 Ilio

239 2925 353 2982 silentio
376 2922 534 2991 praeterire
557 2923 707 2990 nequimus
731 2924 880 2978 ridiculum
896 2927 1040 2978 hominum
1057 2926 1278 2993 praeiudicium,
1294 2921 1334 2994 qui

238 3019 339 3088 putant
363 3013 422 3079 lam
439 3024 539 3064 omnes
556 3026 676 3077 magnos
697 3012 779 3065 utros
802 3014 868 3066 altis
884 3015 1025 3068 natalibus
1042 3021 1122 3068 ortos
1140 3028 1206 3068 esse
1223 3015 1332 3076 «tenere,

239 3113 383 3172 tamqnam
397 3100 491 3152 virtus
508 3111 608 3166 perse
625 3099 734 3152 nullum
751 3101 869 3155 haberet
885 3103 1018 3169 pretium.
1040 3102 1178 3170 Equidem
1200 3099 1330 3156 satls‘ad·

240 3192 337 3248 mirari
354 3201 497 3256 nunquam
514 3202 631 3255 possum
647 3187 824 3255 ingeniosum
842 3190 948 3244 Sanehi
964 3205 1132 3259 responsum
1155 3192 1192 3244 au
1210 3189 1329 3245 obiectio·

241 3297 307 3337 nem
323 3281 388 3332 uon
406 3275 533 3344 Quinotiz
557 3278 649 3331 >Pero
667 3284 730 3330 esto
746 3279 894 3345 pareeeme
911 3276 928 3332 i
944 3276 983 3332 mi
999 3293 1053 3347 que
1070 3294 1106 3332 no
1124 3281 1196 3334 haee
1213 3280 1242 3333 al
1259 3292 1349 3337 essm,
1370 3272 1372 3279 ’

178 3376 191 3384 ·
242 3384 296 3440 que
319 3383 357 3422 no
380 3366 465 3418 tedes
489 3364 534 3417 los
558 3378 612 3432 que
629 3365 784 3432 gobiernan
800 3365 901 3419 vleuen
918 3367 954 3420 de
971 3374 1050 3420 easta
1067 3368 1103 3420 de
1119 3369 1224 3433 Beyes.
1239 3361 1293 3438 ,ssi
1306 3377 1328 3415 es
1370 3360 1372 3364 '

243 3455 363 3518 verino,
380 3451 486 3520 replico
506 3454 570 3504 Don
588 3453 726 3518 quinem,
741 3479 776 3492 -
792 3455 1005 3508 innumerables
1022 3471 1074 3508 son
1093 3457 1222 3523 squeilos
1239 3468 1291 3523 que
1304 3449 1328 3502 ie

242 3549 316 3603 baxa
332 3543 438 3611 estirpe
455 3540 571 3594 uaoidos
587 3540 642 3594 han
661 3540 762 3595 subido
779 3536 797 3592 ei
817 3543 846 3595 lu
862 3557 943 3595 sumn
955 3543 1088 3610 dignidad
1101 3544 1250 3598 Pontifioia
1263 3545 1278 3595 ό
1289 3545 1328 3594 ln·

242 3633 400 3705 peratoria,
427 3646 445 3696 y
463 3629 544 3682 desta
560 3628 667 3680 verdae
683 3634 713 3681 te
730 3629 847 3696 pudiere
864 3637 941 3684 traer
956 3637 1053 3684 tantos
1076 3633 1221 3698 exemplos
1242 3644 1293 3700 que
1308 3633 1329 3679 te

242 3734 394 3778 eansaran.
404 3745 440 3758 -
450 3717 535 3780 Mire,
552 3717 675 3780 sancho,
692 3717 718 3769 si
734 3723 825 3770 tomas
841 3718 1001 3786 permedio
1019 3717 1037 3772 a
1053 3721 1081 3772 ia
1097 3721 1192 3774 virtuti
1208 3737 1226 3787 y
1243 3727 1271 3773 te
1281 3729 1328 3789 pre·

244 3813 304 3869 cias
323 3811 358 3862 de
375 3809 462 3860 haeer
479 3806 586 3859 heehos
603 3805 747 3859 virtuosos
752 3821 762 3872 3
780 3821 817 3859 no
835 3808 889 3873 hay
906 3822 974 3875 para
990 3822 1045 3876 que
1057 3809 1256 3863 tenerinvidiu
1270 3801 1329 3860 ilos

245 3915 302 3971 que
319 3900 364 3951 ios
380 3896 474 3948 tienen
492 3892 640 3960 PrineIpes
656 3909 674 3960 y
701 3895 840 3962 Senones,
863 3910 970 3963 perque
987 3897 1019 3968 la¹
1032 3911 1135 3965 sungre
1157 3911 1191 3950 se
1208 3895 1329 3956 uereeay
1361 3930 1367 3935 -

247 3991 275 4041 la
296 3983 391 4039 virtue
415 3995 448 4034 se
471 3980 600 4048 aquism,
623 3996 640 4046 y
657 3982 685 4033 la
701 3983 796 4035 virtud
812 3985 876 4037 vale
892 3999 945 4051 por
961 3980 988 4036 si
1004 3986 1067 4037 sola
1083 3985 1111 4038 lo
1129 3999 1184 4053 que
1200 3986 1229 4038 la
1245 3990 1331 4048 saum

226 4066 285 4130 'uo
301 4073 375 4127 vale.
390 4072 431 4124 M.
443 4073 596 4132 Cernentes,
613 4073 652 4123 nt
668 4074 809 4135 inuenisse
826 4073 946 4136 Hidolao
963 4078 1025 4128 Don
1043 4076 1158 4142 Quinote
1175 4080 1210 4129 sie
1227 4078 1255 4128 io
1268 4075 1335 4128 iios·

242 4167 307 4230 eta,
323 4166 409 4215 Parte
424 4161 461 4213 11.
478 4160 543 4221 Gon.
559 4160 613 4218 42.
1250 4169 1253 4175 ·
