2746 4604
6 208 8 210 ·
83 185 148 253 282
428 246 431 251 ,
526 188 670 262 syntaxis
683 186 862 247 dictionum.

88 347 148 416 tes,
170 344 351 414 quapropter
373 337 409 396 ad
428 339 645 397 sententiarum
666 337 823 413 syntaxim
841 337 1023 404 referuntur,
1046 334 1144 395 ethio
1160 344 1278 393 tantum·

90 440 177 501 modo
192 441 417 518 praeliminaris
438 443 572 519 proferri
586 451 725 519 possunt.
745 443 790 500 ton
808 439 952 518 quaedam
970 439 1134 516 exempla:

89 563 140 624 Do
160 582 206 625 nu
227 567 251 624 o·
269 564 373 646 place,
396 583 443 626 nu
463 565 499 625 lo
519 566 641 626 leuare.
688 567 724 626 si
745 565 800 625 tihi
820 583 879 624 uon
900 565 1010 642 placet,
1032 581 1092 622 non
1116 581 1184 623 eme
1205 564 1278 622 illud.

89 667 204 729 Domi
223 640 372 747 spo'oseose
394 669 546 749 quaudiu
560 670 662 746 deso·
684 669 719 728 Si
740 668 814 727 mihi
841 669 986 737 dixisset,
1016 666 1086 744 quid
1118 667 1277 726 faciendum

132 790 217 847 esre,
238 790 284 832 no
301 773 490 851 perdoasem
504 772 664 852 tempu'du.
728 771 833 838 habeo,
855 789 913 829 non
935 771 1138 847 perdidissem
1159 782 1276 849 tempus.

92 874 172 936 Poto
194 893 256 954 quo
277 878 375 957 inquo
394 895 441 938 nu
460 896 479 938 e
498 898 520 938 a
541 897 631 943 oasa.
689 875 839 935 Possibile
861 884 925 944 est,
947 876 1026 952 quod
1047 875 1148 937 adhue
1168 895 1224 936 non
1244 878 1277 935 sit

730 980 818 1038 domi.
880 1037 882 1041 .

91 1082 148 1145 Nu
167 1103 187 1143 e
206 1084 242 1143 in
264 1085 403 1161 ciuitate,
424 1103 486 1165 quo
506 1084 546 1145 do
557 1081 619 1164 fird
633 1083 669 1144 lu
689 1074 755 1144 Nou
784 1090 832 1142 est
859 1085 889 1144 in
921 1081 1012 1158 urhe,
1041 1083 1115 1160 quia
1141 1087 1169 1143 si
1191 1094 1274 1154 esset,
1312 1056 1315 1103 ἔ

134 1187 299 1248 amoime
319 1188 436 1249 oedutu
449 1188 567 1249 velana
579 1188 666 1253 data.
725 1186 789 1261 jam
809 1185 859 1247 vei
880 1185 976 1244 semei
989 1186 1075 1245 illum
1090 1180 1271 1251 vidissemus.

92 1288 183 1362 Bone
211 1310 274 1371 quo
294 1310 312 1351 e
332 1294 501 1370 insatiata,
530 1297 597 1353 toto
622 1309 669 1353 oa
689 1291 864 1368 Quanquam
884 1290 990 1350 doetus
1012 1292 1072 1361 sit,
1102 1300 1201 1352 tamen
1226 1311 1272 1352 noo

135 1397 201 1453 scie
222 1399 292 1455 tote.
708 1396 791 1473 ¹seit
811 1396 919 1455 omnia.

93 1494 145 1556 Do
165 1516 282 1578 quomo
302 1497 338 1560 lu
357 1499 448 1570 vadi,
470 1498 629 1561 clama-lu
648 1499 670 1561 ἁ
690 1499 725 1558 si
746 1517 805 1576 quo
821 1499 908 1558 modo
922 1498 1007 1559 illum
1015 1499 1116 1569 vides,
1136 1519 1211 1562 voca
1219 1518 1272 1561 eun
1304 1488 1315 1559 {¹

133 1603 200 1666 noi.
732 1601 769 1662 ad
791 1620 858 1663 nos.
914 1634 916 1638 ·
1303 1597 1315 1681 j*

93 1699 152 1765 No
179 1722 229 1764 me
250 1705 356 1768 clama
377 1701 567 1784 djudeoiu,
596 1722 673 1782 erpo
692 1706 759 1765 Non
780 1714 870 1765 vocat
889 1723 937 1782 me
964 1706 995 1764 in
1018 1704 1189 1789 judicium,
1213 1725 1273 1785 ergo
1305 1688 1315 1761 i*

110 1819 112 1822 ’
134 1822 182 1865 ou
202 1808 261 1868 ade
281 1808 412 1868 directo.
732 1827 789 1869 non
812 1807 902 1870 habet
922 1819 1048 1870 rectum.

196 1968 232 2056 3)
255 1975 339 2035 Inter
360 1991 464 2034 omnes
481 1974 715 2036 Coniunctiones
737 1975 924 2037 solummodo
945 1995 982 2036 so
1004 1986 1047 2053 ut,
1062 1976 1275 2036 coniunctium

40 2090 43 2095 ’
94 2076 214 2137 modum
241 2081 333 2158 petit;
360 2079 493 2140 occurrit
513 2090 614 2140 autem
637 2078 816 2141 etiamdum
839 2076 977 2160 pudent
999 2100 1064 2161 pro
1084 2076 1151 2161 qud
1172 2082 1276 2142 eonion·

95 2192 163 2255 ota3
176 2203 202 2244 e.
217 2204 250 2264 g.

93 2296 141 2368 Se
159 2327 240 2387 rapa
259 2327 297 2368 oo
316 2308 353 2369 lu
373 2308 547 2386 adjutomo.
689 2310 811 2388 Rogat,
831 2319 864 2368 ut
885 2327 952 2368 eom
974 2309 1162 2369 adiuvemus.

98 2408 172 2484 Quo
192 2432 230 2472 so
249 2417 325 2491 poto
345 2412 524 2473 maimullu
536 2415 673 2475 stricare
693 2413 734 2472 Ut
754 2413 822 2471 aliis
844 2414 944 2491 magis
965 2431 1077 2473 nocere
1099 2414 1208 2490 possit,
1224 2413 1279 2490 ipse

137 2516 287 2594 puelloro
307 2515 397 2591 altri,
425 2514 553 2595 sufferi
569 2517 673 2578 denso
734 2517 884 2576 maximos
906 2516 1029 2592 pertulit
1048 2517 1185 2581 dolones.

137 2618 242 2696 quelle
262 2621 328 2678 mai
348 2621 431 2678 mori
451 2620 562 2684 dolori.

98 2717 169 2794 Quo
184 2724 260 2799 seeo
279 2741 317 2782 oo
337 2740 384 2782 nu
404 2725 469 2782 anai
484 2726 583 2801 saca,
611 2743 674 2805 quo
695 2724 779 2802 Quod
792 2725 875 2800 feeit,
897 2742 953 2784 neo
966 2723 1058 2784 faeiat
1073 2725 1281 2806 amplius7nam

137 2844 184 2886 nst
204 2827 239 2886 la
259 2845 301 2886 oo
317 2828 414 2905 finire
434 2826 522 2891 dene.
733 2849 791 2890 non
813 2829 897 2889 finiet
917 2828 1001 2888 bene.

120 3068 124 3077 ,
195 3002 232 3089 lt)
262 3006 485 3066 conditionales
507 3009 553 3077 si,
573 3006 613 3067 do
634 3009 678 3076 si,
699 3011 730 3067 si
749 3025 813 3086 nu,
833 3007 874 3067 do
894 3025 940 3067 nu
959 3008 1035 3077 nisi,
1064 3007 1105 3068 do
1126 3025 1191 3087 quo
1210 3006 1280 3066 dum·

96 3106 202 3179 modo,
226 3129 315 3187 quom
338 3111 538 3171 conditionem
557 3110 734 3188 possibilem
755 3121 887 3180 tantum,
915 3120 968 3171 aut
988 3111 1089 3188 aliqua
1110 3113 1227 3172 ratione
1245 3110 1284 3167 in·

98 3224 212 3273 certam
225 3215 407 3292 exprimunt,
428 3223 532 3292 petunt
546 3216 752 3293 imperfectum
761 3217 949 3275 coniunctivi
962 3216 1052 3285 modi,
1070 3216 1191 3293 qnando
1206 3231 1281 3274 even·

95 3328 159 3376 tum
180 3330 380 3392 praesentem,
402 3329 432 3378 et
448 3319 605 3395 piusquam
620 3319 786 3394 perfeetum
801 3318 934 3378 eiusdem
956 3319 1048 3394 modi,
1071 3319 1192 3396 quando
1206 3335 1281 3378 even

95 3429 165 3498 tum
182 3423 378 3496 praeteritum
400 3431 533 3481 annuunt
539 3440 549 3490 3
572 3442 597 3481 e.
619 3441 649 3500 g.

98 3543 150 3604 Do
177 3542 230 3603 odi
255 3545 316 3623 pire
344 3564 416 3604 ome
445 3547 484 3605 de
506 3547 622 3606 eminio
644 3551 673 3607 te
694 3546 730 3605 st
758 3545 847 3605 homo
877 3556 961 3608 esset
989 3546 1162 3618 honestus,
1192 3545 1281 3605 verbis

138 3648 191 3708 adi
211 3653 319 3708 tenere
338 3650 378 3708 de
397 3649 502 3712 verbu.
733 3659 842 3710 stares.

95 3753 146 3813 Do
167 3751 253 3813 seir&
273 3771 336 3834 quo
356 3771 398 3812 su
417 3753 565 3813 morboso
582 3756 671 3814 emt·
692 3755 727 3815 si
747 3754 843 3816 sciret
864 3772 911 3814 me
927 3771 1053 3832 aegrum
1070 3772 1156 3838 esse,
1178 3755 1282 3813 veniret

135 3856 173 3918 re
194 3852 259 3936 qud
279 3859 344 3917 mai
365 3856 536 3920 currendo.
733 3877 790 3936 quo
810 3860 905 3920 otius.

94 3959 145 4020 Do
166 3961 248 4021 odeti
266 3964 327 4040 fire
342 3963 434 4038 foetu
450 3963 484 4020 in
494 3961 618 4023 Vienna
632 3984 671 4023 a·
692 3964 727 4023 si
742 3963 880 4022 Viennae
901 3962 1050 4030 fuissetis,
1074 3964 1219 4026 mundum
1239 3980 1285 4022 oo·

138 4064 198 4123 deti
207 4068 268 4143 fire
281 4068 432 4128 eaoettaeu
453 4086 473 4127 u
500 4086 675 4129 consuesce·
737 4086 825 4132 scere
846 4066 1040 4148 didicissetis.

135 4186 172 4228 re
193 4167 337 4234 leetne’io.
