2746 4604
1205 190 1240 246 ld

35 324 195 404 proratoris
206 326 356 406 regimen,
377 344 432 404 per
450 323 573 385 eosdem
595 319 745 402 turbatae,
767 335 816 387 ast
831 342 909 387 nunc
924 329 1041 389 strenui
1054 329 1186 408 Augusti
1200 330 1240 390 la·

38 427 115 488 bore
132 435 166 489 et
181 428 275 489 divini
285 430 426 488 Numinis
445 430 568 508 lavore,
589 446 649 488 non
666 428 781 489 tantum
799 430 919 508 penitus
942 431 979 490 ab
999 433 1144 492 externis.
1158 441 1241 494 tutae

39 530 177 592 redditae
192 531 457 603 hostibus,verum
470 531 742 593 etiemabinternis
751 533 882 594 barbara
891 534 1106 595 consuetudine
1120 536 1243 598 barbari

41 635 109 693 aeri
123 635 251 694 sancitis
265 652 385 695 omnem
399 634 616 696 humanitatem
628 633 803 695 tollentibus
825 653 1003 716 onmemque
1018 640 1167 699 culturam
1187 642 1242 700 im-

41 737 230 814 pedientibus
249 737 499 816 oppressionibus
515 738 682 809 iiberatae,
704 740 894 818 humanaque
908 739 980 814 jnra
1001 745 1159 814 restituta,
1180 745 1245 804 cul·

43 849 111 900 tura
124 841 298 904 introducta
313 851 344 903 et
359 843 396 903 ad
409 842 502 902 altum
517 853 657 920 promota
677 843 815 922 gradum.
837 845 1056 922 Transalpinae
1074 865 1149 906 vero
1173 866 1243 925 pro·

45 946 160 1006 vinciae
176 946 323 1026 usquead
339 955 476 1009 nostram
490 944 546 1006 sub
562 947 666 1006 eodem
680 947 717 1006 de
735 947 783 1006 die
800 948 831 1006 in
848 948 927 1009 diem
943 949 1081 1027 graviori
1095 948 1172 1028 jugo
1189 970 1246 1029 ge·

46 1067 127 1109 mere
140 1060 263 1111 coactae
275 1051 400 1110 fuerunt
417 1059 555 1121 aetatem,
570 1059 601 1110 et
614 1051 668 1109 vix
683 1051 803 1110 tandem
822 1053 925 1128 elapso
939 1051 1094 1123 decennio,
1108 1072 1167 1113 non
1183 1062 1244 1112 tam

48 1163 188 1213 excutere
209 1172 298 1232 (Ιιιιιιι
317 1154 467 1225 allevare,
495 1154 688 1214 arbitrariam
709 1158 891 1215 sufferentes
906 1156 1118 1232 tyrannidem,
1145 1157 1247 1217 value-

50 1267 135 1326 ruut3
164 1256 404 1317 Cisdanubianae
426 1268 527 1319 autem
549 1259 666 1319 nostris
690 1256 786 1318 adhuc
808 1259 913 1319 eodem
929 1269 1107 1337 premuntur
1122 1259 1248 1330 diebus,

51 1359 117 1420 licet
136 1361 341 1423 dominatores
357 1381 416 1422 non
432 1372 494 1422 tam
511 1362 696 1423 humanitate
712 1361 826 1439 adacti,
859 1380 948 1441 qnam
963 1361 1116 1424 debilitate
1129 1366 1248 1435 coacti,

54 1466 206 1540 pristinam
226 1466 422 1544 deposuerint
445 1468 619 1535 feritatem,
646 1476 678 1525 et
696 1465 776 1525 haud
801 1484 897 1544 pauca
914 1465 1076 1526 laudabilia
1093 1467 1250 1540 instituta,

9 1622 13 1639 ι
56 1586 203 1630 commune
221 1570 343 1630 humani
356 1571 481 1650 generis
495 1568 547 1643 jus
564 1569 778 1646 respicientia,
800 1569 1063 1648 universalemque
1078 1570 1250 1631 libertatem

58 1677 255 1754 protegentia,
277 1676 470 1736 introducere
485 1675 661 1752 coeperint,
684 1693 760 1754 qnae
788 1685 905 1736 certum
929 1675 1158 1747 seeomssterunt
1176 1673 1251 1732 indi·

61 1775 144 1848 cium,
171 1788 309 1858 tempora
333 1779 432 1841 omnis
447 1779 599 1840 barbariei
615 1778 679 1856 jam
694 1781 725 1840 iu
740 1789 919 1859 perpetuum
936 1778 1144 1858 praeterlapsa
1161 1796 1252 1848 esse,
1336 1840 1339 1845 ,

11 1921 17 1945 .,
64 1888 88 1938 ct
114 1881 251 1963 deinceps
279 1881 340 1946 nisi
365 1885 511 1953 virtutum
529 1893 561 1945 et
584 1886 780 1946 scientiarum
815 1884 916 1946 studio
943 1884 1037 1945 vitam
1060 1881 1128 1943 iore
1146 1897 1252 1943 conso·

12 1954 22 2061 l
66 1985 200 2050 orandam

70 2406 134 2460 uum
149 2402 229 2463 de
200 2421 247 2463 ets
255 2402 404 2479 judicium
416 2405 574 2465 ferendum
592 2406 727 2465 breviter
741 2401 873 2471 attactis,
894 2401 1057 2469 nationem,
1077 2396 1114 2457 de
1129 2416 1188 2476 qua
1201 2415 1253 2456 no-

69 2499 104 2562 bis
120 2525 221 2567 sermo
240 2517 308 2579 est,
329 2508 586 2570 consideremus
577 2528 685 2587 rpsam.
706 2507 793 2567 Haec
814 2523 833 2563 a
853 2505 978 2563 Traiani
992 2502 1118 2579 eiusque
1133 2517 1254 2562 succes·

69 2623 157 2670 tomm
167 2584 388 2690 Imperatorum
403 2614 619 2690 temporibus
610 2633 640 2672 m
655 2613 703 2671 bis
723 2612 818 2670 terris
832 2609 969 2686 degens,
992 2607 1071 2664 ultra
1082 2604 1255 2664 Danubium

31 2710 134 2772 circa
148 2716 340 2795 quingenties
359 2725 486 2777 centena
501 2719 614 2788 millia,
637 2718 715 2779 citra
730 2725 828 2775 autem
841 2710 921 2771 baud
936 2710 1029 2769 multo
1049 2710 1194 2785 pauciora
1211 2708 1253 2766 el·

67 2815 128 2884 teta
146 2816 296 2880 Homines
311 2821 569 2893 suntmediocris,
590 2830 640 2881 ast
654 2818 764 2881 nobilis
780 2825 933 2885 staturae,
954 2815 1156 2890 robustaeque
1173 2827 1254 2870 com·
1340 2884 1344 2893 1

22 2995 26 3004 ι
65 2917 216 3002 plexionis,
238 2924 413 3003 adspectum
429 2945 567 3005 gravem,
588 2927 649 2986 imo
668 2925 771 2996 etiam,
793 2930 827 2982 ut
840 2920 999 2979 Sarnicius
1017 2917 1053 2976 de
1065 2917 1128 2977 illis
1144 2915 1186 2974 ait
1198 2912 1253 2973 Hi·

11 3042 25 3078 r
64 3028 204 3101 alericus,
226 3031 348 3087 trucem
359 3031 607 3109 praeseferunt,
628 3031 662 3088 et
678 3029 714 3087 irs
729 3027 843 3104 fronte
864 3024 991 3084 bircam
1009 3018 1181 3080 atilitarem
1192 3034 1253 3095 pe-

62 3135 137 3194 raet.
148 3130 257 3191 Mores
272 3126 424 3191 Romani
413 3147 445 3191 ιιι
460 3132 638 3193 hodiernum
652 3149 750 3208 usque
767 3129 871 3188 diem·
862 3147 893 3186 tn
910 3127 992 3186 omni
1005 3142 1062 3183 sua
1076 3120 1253 3201 integritate

10 2243 27 2341 [ἶ
150 2294 209 2358 His
229 2300 331 2379 itaque
346 2300 384 2361 ad
405 2301 547 2380 deinceps
563 2300 722 2380 sequeutia
744 2296 804 2356 rite
820 2289 1065 2374 intelligendum,
1094 2301 1125 2354 et
1144 2290 1181 2353 ad
1205 2311 1253 2352 re·
1305 2290 1308 2295 ’

10 2172 87 2730 l

62 3235 128 3310 apud
140 3253 195 3295 eos
208 3236 333 3313 algent:
355 3237 386 3294 in
403 3238 560 3297 nativitate
575 3235 784 3313 horoscopia,
805 3233 836 3291 in
854 3231 968 3309 nuptiis
981 3244 1100 3296 naam,
1121 3225 1153 3284 ln
1169 3225 1254 3284 lune·

61 3335 136 3397 ribus
151 3339 372 3418 praestantes
363 3358 394 3398 m
408 3340 496 3417 pleno
518 3338 597 3416 apud
619 3338 689 3398 illos
711 3345 783 3396 sunt
798 3338 924 3415 vigore,
948 3327 1160 3405 Saturnalia,
1189 3323 1254 3387 Ces

12 3501 14 3508 ,
62 3441 174 3519 realis,
193 3430 443 3513 Bacchanalia,
457 3441 668 3523 Lupercalia,
688 3439 856 3516 Floralia,
878 3436 1043 3516 diesfasti
1057 3452 1097 3494 ac
1111 3431 1251 3509 nefasti,

62 3547 200 3625 religiose
222 3545 440 3628 observantur-3
460 3545 600 3611 Fratres
616 3544 757 3606 Ar'aalee
774 3553 806 3603 et
818 3540 904 3604 Salii
917 3538 1121 3607 Sacerdotes,
1144 3534 1252 3614 quovis

65 3663 131 3707 anno
144 3651 311 3710 solenniter
323 3670 395 3710 suas
412 3661 562 3730 peragunt
576 3651 757 3718 functiones,
778 3649 821 3707 ita
836 3656 869 3706 ut
885 3663 943 3704 non
958 3641 990 3701 i'n
1005 3639 1122 3700 Haemo
1136 3645 1166 3698 et
1179 3637 1253 3697 (lar-
1322 3644 1325 3651 '

65 3760 124 3825 pato
136 3763 237 3815 monte
251 3772 270 3812 a
285 3753 423 3815 barbaris
441 3753 619 3815 circumdati
634 3763 664 3813 et
680 3753 718 3812 ad
732 3749 865 3811 Danubii
880 3750 980 3827 ripas,
1001 3743 1085 3804 sed
1076 3760 1107 3802 m
1121 3739 1252 3817 Apenni-

13 3880 29 3969 q
68 3854 120 3925 tis,
140 3875 231 3936 super
245 3867 361 3936 septem
376 3867 514 3928 montes,
536 3858 573 3917 ad
588 3856 725 3917 Tiberim
744 3858 888 3924 fluvium,
909 3853 940 3910 in
955 3848 1138 3910 Sabinorum
1155 3843 1253 3903 socie·
1286 3882 1293 3893 -

13 4004 31 4056 Ι,
70 3954 130 4037 isle,
149 3962 204 4022 sub
219 3963 317 4023 Numa
332 3960 493 4040 Pompilio,
515 3961 608 4021 seriis
622 3961 738 4021 nostris
752 3959 949 4038 temporibus,
963 3954 1068 4010 vivere
1082 3946 1250 4006 videantur

13 4055 209 4150 '‘iosephus
223 4067 361 4127 Benkd
351 4086 382 4126 m
404 4083 461 4131 sua
472 4064 704 4127 Transsilvania
717 4067 775 4125 eit.
797 4066 941 4141 „Integer
953 4059 989 4116 de
1005 4053 1158 4122 moribus,
1181 4067 1250 4111 ⁰⁰¹¹·

32 4200 38 4249 t
76 4168 261 4231 suetudinibus
282 4179 315 4234 et
326 4171 435 4233 ritibus
447 4167 656 4234 Valecborum
678 4170 756 4230 liber
777 4164 969 4231 adornandos
994 4164 1099 4228 esset,
1127 4173 1185 4239 quo
1202 4171 1251 4213 oc·

35 4264 41 4321 l
997 4263 1075 4333 M
