2746 4604
1161 153 1258 210 XXXI

10 266 12 277 Ι
59 289 171 352 missus
192 279 327 354 transire
346 289 384 353 ad
405 285 596 354 sanctitatem
617 298 719 377 tuam,
748 300 782 355 ut
803 287 971 372 compleret
991 293 1176 356 desiderlulii
1202 293 1259 370 lm·

10 462 12 469 ,
57 397 130 472 perii
153 398 216 456 mei
237 393 382 466 slnctitas
396 403 447 456 tua
460 394 624 456 secundum
639 397 885 471 consuetudinem
898 399 1259 476 praedeeessornmnico·
1314 475 1316 478 Α

58 518 120 558 rum
143 501 366 588 Imperatorum
386 502 592 579 Bulgerorum
614 510 645 560 et
662 501 827 561 Blacorum
849 497 1023 573 Simeonis,
1043 499 1130 561 Petri
1151 509 1182 560 et
1202 499 1258 559 Sa·

57 605 164 663 muelis
186 605 415 682 progenitorum
436 622 595 673 meorum,
618 614 649 665 et
669 614 861 665 caeterorum
884 607 1017 664 omnium
1038 608 1260 683 Imperatorum

56 708 272 785 Bulgarorum.
292 709 409 767 Verum
416 710 483 769 Deo
493 708 652 782 adjuvante
663 700 968 770 etintervenientibns
985 710 1173 770 orationihtit
1189 726 1259 768 san·

56 812 170 874 ctitatis
191 821 260 872 tnae
280 813 363 872 venit
383 813 420 872 ad
441 831 490 872 me
511 818 659 890 praesens
682 815 805 873 nuntius
836 814 1021 891 apostolicae
1044 801 1204 872 cathedrae
1227 820 1259 870 et

56 915 171 990 primae
192 915 275 975 sedis
297 917 443 993 principis
457 908 673 994 Apostolorum
695 927 725 977 et
755 925 877 976 sanctae
899 926 931 976 et
952 916 1134 978 universalis
1155 916 1259 974 Eccle-

58 1020 118 1077 siae
139 1003 296 1078 Romanae
317 1017 476 1079 Johannes
491 1020 672 1097 capellanus
694 1030 725 1079 et
745 1021 851 1080 detulit
874 1019 948 1079 mihi
970 1020 1090 1080 litteras
1112 1038 1151 1078 ex
1172 1035 1259 1094 prae·

58 1132 140 1199 cepto
163 1123 334 1182 sanctitatis
354 1133 478 1183 vestrae
499 1133 530 1183 et
550 1125 735 1201 apostolieae
757 1126 839 1184 sedis
862 1133 893 1183 et
913 1125 1057 1200 palleavit
1077 1123 1189 1182 dictum
1201 1124 1259 1181 Ar·

59 1225 291 1303 chiepiscopum,
313 1235 344 1286 et
364 1227 438 1286 fecit
459 1246 527 1286 eum
548 1229 714 1287 Primatem
736 1232 829 1289 totius
844 1229 1009 1306 Bulgariae
1031 1237 1062 1285 et
1077 1226 1212 1306 Blaciac,
1226 1235 1259 1285 et

59 1331 186 1404 portarit
206 1329 334 1405 imperio
355 1347 424 1389 meo
444 1329 563 1388 litteras
586 1332 757 1391 sanctitatis
780 1340 867 1400 tuae,
896 1341 927 1390 et
948 1331 1089 1407 exposuit
1115 1329 1257 1408 quicquid

61 1432 84 1488 ei
104 1432 249 1490 sanctitas
271 1441 376 1490 vestra
396 1433 557 1501 mandavit,
580 1443 610 1491 et
630 1434 779 1511 repletum
803 1444 851 1494 est
873 1450 1049 1494 cormeum
1072 1433 1182 1512 gaudio
1195 1451 1256 1492 ma·
1280 1463 1281 1466 ¹

62 1553 131 1612 gno,
154 1536 295 1614 quoniam
317 1536 481 1616 secundum
502 1536 687 1596 voluntatem
708 1538 827 1613 imperii
850 1539 910 1596 mei
932 1537 1054 1596 donavit
1074 1535 1148 1594 mihi
1169 1538 1256 1594 Deus

63 1647 88 1697 et
106 1639 253 1698 sanctitas
275 1647 334 1698 tna.
355 1641 394 1699 Et
416 1630 503 1718 rogo
517 1649 547 1699 et
567 1641 714 1717 deprecor
736 1659 876 1718 inagnam
898 1642 1088 1700 sanctitatem
1110 1649 1210 1708 tuam,
1223 1620 1257 1699 ut

64 1743 204 1818 compleat
234 1734 418 1801 desiderium
441 1744 561 1821 imperii
583 1746 663 1813 mei,
695 1754 725 1803 et
745 1727 844 1804 mittat
864 1746 984 1824 virgam
1013 1743 1198 1821 pastoralem
1218 1743 1257 1803 ad

65 1847 284 1924 congregandas
307 1864 391 1915 oves,
413 1856 443 1924 et
464 1857 586 1907 caetera
608 1867 682 1925 quae
703 1849 882 1909 Patriarcha
903 1850 1061 1908 consuevit
1080 1845 1204 1916 habere,
1224 1854 1257 1905 et

10 1938 15 2067 'p
64 1949 144 2010 iaciat
163 1960 355 2027 praesentem
376 1951 542 2009 Primatem
564 1960 596 2010 et
615 1951 823 2011 Patriarcham
844 1953 874 2010 in
897 1961 1004 2012 sancta
1022 1961 1053 2010 et
1074 1969 1185 2030 magna
1199 1952 1256 2010 Ec·

10 2072 15 2183 p
66 2053 147 2113 clesia
166 2057 321 2114 Trinovac
341 2056 457 2131 primae
480 2056 612 2115 civitatis
635 2057 728 2114 totius
748 2052 926 2134 Balgatiae
949 2066 979 2115 et
999 2055 1256 2115 habeatEcclesia

10 2224 13 2237 Ι
67 2157 122 2232 ipsa
140 2159 231 2218 etiam
253 2167 322 2235 post
342 2169 471 2218 mortem
493 2159 582 2218 istius
597 2159 793 2219 Patriarchae
808 2159 1017 2218 Patriarcham
1032 2160 1062 2216 in
1076 2166 1254 2235 perpetuum

10 2242 15 2335 Ξ
68 2271 99 2319 er
115 2263 300 2340 praescripto
322 2264 492 2323 sanctitatis
515 2272 595 2324 tuae.
617 2266 655 2322 Et
677 2266 815 2341 quoniam
841 2282 936 2340 grave
952 2271 1037 2321 esset
1051 2263 1253 2338 propterlon·

64 2363 216 2443 gitudinem
237 2362 305 2426 viae
327 2369 357 2426 et
378 2385 523 2445 guerram
545 2367 699 2426 hominnm
721 2369 751 2425 in
781 2366 863 2426 obitu
893 2365 1026 2425 cuiusvis
1055 2365 1253 2426 Patriarchae

64 2482 213 2531 recurrere
242 2471 279 2530 ad
300 2472 468 2530 Ecclesiam
490 2474 676 2543 Romanam,
698 2471 879 2530 concedatur
901 2471 937 2528 ab
957 2467 1097 2528 Ecclesia
1118 2472 1255 2532 Romanu

63 2575 209 2634 Ecclesiae
232 2576 447 2646 Trinovae,ut
469 2574 528 2633 sibi
549 2575 648 2651 possit
669 2583 700 2632 et
721 2575 836 2651 eligere
858 2583 888 2633 et
915 2586 1097 2632 consecrare
1118 2575 1252 2634 Patriar-

10 2716 19 2753 ,
64 2677 157 2757 cham,
187 2698 224 2737 ne
255 2699 294 2739 cx
314 2680 379 2739 eius
401 2673 538 2738 absentia
559 2689 642 2739 terra
662 2679 714 2738 illa
735 2680 800 2738 sine
822 2677 1026 2736 benedictione
1048 2686 1201 2735 remaneat
1221 2686 1253 2734 ct

64 2791 105 2842 tna
120 2786 308 2844 consecratio
322 2782 511 2860 imperfecta,
535 2792 565 2842 et
580 2783 726 2842 redundet
741 2792 896 2860 peccatum
910 2783 941 2838 in
956 2783 1145 2839 sanctitatem
1156 2789 1250 2843 tuam.

63 2888 138 2947 Nunc
158 2897 259 2947 autem
280 2889 422 2965 petimus,
443 2896 477 2944 ut
491 2887 544 2945 fiat
565 2886 699 2945 chrisma
720 2904 758 2944 ex
779 2891 938 2965 praecepto
952 2883 1122 2941 sanctitatis
1136 2891 1205 2966 tatae
1219 2883 1250 2940 in

64 2999 159 3057 sancta
179 2999 211 3049 et
231 3009 341 3068 magna
361 2991 500 3048 Ecclesia
521 2990 651 3049 civitatis
660 2989 810 3047 Trinovae
831 3006 886 3063 pro
908 2987 1086 3067 baptismate
1104 2982 1251 3045 Christia-

64 3093 170 3154 norum.
192 3093 278 3154 Sciat
298 3095 442 3153 sanctitas
464 3103 516 3154 tua
536 3093 614 3170 quod
635 3110 703 3152 cum
725 3090 989 3150 sciverintGraeci
1007 3085 1046 3165 *),
1068 3088 1145 3167 quod
1166 3099 1251 3148 rece·

66 3275 442 3298 m

109 3437 134 3501 ⁴)
150 3445 284 3498 amcos
299 3444 438 3512 appellat,
457 3443 506 3512 qut
524 3443 578 3513 ipsi
599 3449 696 3513 postca
730 3442 1068 3512 constantinopolitanum
1086 3428 1249 3496 oitdledttnt

156 3531 315 3600 Imperium,
328 3540 359 3585 ut
364 3548 413 3586 eos
419 3532 454 3585 ab
461 3534 578 3586 Francis
592 3534 735 3604 liberaret,
742 3536 784 3587 uti
794 3540 916 3587 testatur
921 3534 1114 3587 Marescaleus
1121 3534 1156 3588 G.
1166 3531 1251 3585 Ville-

153 3619 300 3672 Hardouiu
316 3619 343 3687 ᾗ.
358 3625 416 3673 177.
431 3620 463 3672 ui
476 3621 563 3673 Grieu
583 3623 719 3689 pristrent
737 3624 781 3675 lor
795 3637 922 3690 messapo
939 3622 1111 3690 priveement
1127 3621 1162 3674 de
1176 3627 1252 3674 totus

154 3706 197 3758 les
210 3708 282 3759 cites
295 3708 371 3764 dela
382 3715 458 3762 terre
471 3715 500 3762 et
515 3710 557 3776 les
569 3712 735 3763 envoieruut
746 3709 763 3763 ie
775 3713 877 3774 iehan,
895 3688 942 3777 dui
954 3711 1004 3762 ere
1016 3712 1077 3775 Roy
1090 3709 1124 3762 de
1136 3708 1253 3776 Blaqule

157 3791 184 3848 et
195 3796 229 3848 de
243 3786 364 3864 Bogrlc,
383 3787 430 3866 qui
445 3799 488 3851 lee
505 3799 582 3850 avoit
594 3799 740 3866 guerroieu
750 3805 779 3852 ct
793 3797 917 3866 guierroit
931 3803 972 3850 tot
988 3793 1074 3860 adds,
1092 3803 1121 3849 et
1138 3797 1158 3847 li
1175 3810 1252 3847 man·

156 3876 315 3952 derentquc
333 3882 352 3938 il
364 3886 391 3940 le
408 3881 735 3954 seroientEmpeieor‚et
753 3889 819 3956 qu’ll
836 3902 868 3941 se
886 3885 1048 3939 rendroient
1065 3884 1118 3937 tuit
1135 3883 1152 3936 d
1167 3883 1205 3935 lut
1223 3889 1253 3936 et

156 3984 209 4038 que
232 3973 253 4024 il
278 3975 432 4028 occiroienl
455 3974 504 4030 toa
526 3974 570 4028 les
593 3977 704 4042 Erana,
727 3982 756 4028 et
773 3977 798 4028 si
815 3977 835 4029 li
857 3975 1014 4042 jureroient
1031 3987 1084 4041 quc
1101 3973 1122 4025 il
1140 3973 1159 4023 lt
1177 3969 1252 4026 onst·

155 4061 245 4113 rotent
267 4075 374 4116 comme
395 4063 412 4116 a
436 4065 573 4132 Seignor,
598 4071 627 4117 et
648 4055 673 4117 il
692 4066 861 4130 torinnam,
887 4078 940 4131 que
958 4064 979 4114 il
995 4063 1037 4115 les
1055 4061 1254 4142 maintcndroit

157 4162 263 4204 comme
278 4152 321 4204 les
337 4164 435 4210 suone.
452 4154 523 4207 Enst
539 4154 570 4206 tu
587 4153 644 4207 iaia
660 4155 688 4208 le
704 4154 862 4208 salremeua
878 4153 960 4205 d’uue
978 4155 1042 4220 part
1059 4155 1089 4204 ct
1104 4141 1225 4208 d‘airtre.
