2746 4604
119 273 234 334 tarium
254 270 336 334 ultra
356 275 473 351 'l‘yrnm
490 265 643 354 durium}
673 266 1009 332 demutamini:
1022 269 1169 340 virtutis,
1187 277 1233 337 nt
1259 285 1321 331 cu

119 378 263 438 omnibus
280 377 334 437 bis
356 372 509 456 gentibus,
531 376 759 455 quorumlibet
779 377 944 452 attingunt,¹
964 373 1071 433 eodem
1083 383 1222 450 tempore
1235 390 1322 451 saepe

123 595 304 652 nostrorum
321 587 479 654 memoria,
494 585 704 662 :principatum
725 584 873 643 inllaeia
893 580 1077 660 obtinuerat,
1099 580 1158 642 dna
1171 599 1322 660 propemo-

82 569 85 573 .
123 481 240 558 proelio
255 482 474 550 contenderint,
496 477 692 558 victoresque
707 480 832 544 luerint.
852 480 928 546 llam
943 477 1195 556 Stephanns‚qul
1208 487 1322 555 patrum
1362 392 1373 504 1

1358 558 1362 589 ι’

1358 592 1363 667 l

122 688 194 752 dnm
214 696 314 748 aetate
336 697 367 748 et
379 687 557 762 Bajanetum
572 691 716 756 Turbam,
736 696 769 746 et
779 687 928 747 Mathiam·
941 687 1109 766 lingarum,
1130 696 1162 746 et
1176 687 1322 746 «loannem
1359 690 1367 718 ³

122 791 281 851 abortum
301 793 461 861 Polonum,
483 789 563 850 bello
585 809 696 869 magno
717 789 881 860 devicerat,
902 807 1105 869 magnamque
1125 789 1323 850 calamitatem
1365 823 1373 828 -

102 895 216 975 uictis
233 895 406 955 intulerat?
429 891 459 970 ⁸)
486 894 588 953 Huius
609 893 860 954 excellentissimi
884 893 1039 971 Principis
1060 895 1195 953 illustria
1214 892 1323 953 deseri·
1362 886 1365 899 '

120 999 197 1060 hus
218 1010 308 1080 gesta
325 1001 450 1060 celeber
472 1018 605 1061 coaevus
626 999 804 1059 Historlcus
825 997 996 1079 Dlugosins
1026 1016 1099 1073 prae
1127 996 1323 1057 admiratione
1366 1037 1373 1062 4

120 1105 154 1164 in
175 1106 314 1164 furorem
334 1114 441 1182 raptus
463 1106 630 1164 exclamate
651 1102 696 1176 „0
717 1105 820 1162 rmum
838 1101 1064 1162 admirabilem!
1085 1101 1222 1160 heroicis
1237 1100 1323 1158 Duol·
1363 1112 1371 1121 ·

121 1207 199 1277 bns,
229 1226 305 1285 quos
326 1217 485 1284 tantopere
506 1207 710 1276 admiramur,
740 1205 834 1265 nibilo
855 1205 1051 1275 inferiorem,
1072 1207 1124 1283 qui
1144 1205 1205 1264 sub
1222 1211 1323 1263 nostra

38 1346 40 1351 .
122 1293 222 1372 aetate
252 1319 313 1371 tam
340 1312 533 1389 magnificam
561 1311 721 1370 victoriam
749 1310 829 1368 iuter
849 1309 1007 1386 Principes
1028 1309 1131 1368 mundi
1151 1309 1274 1386 primus
1288 1323 1323 1366 ex

121 1417 225 1475 Turco
247 1414 364 1475 retulit.¹
383 1416 455 1475 Meo
473 1413 587 1488 judicio
608 1413 820 1492 dignissimus,
841 1413 891 1472 cui
911 1413 1005 1471 totius
1026 1412 1126 1471 mundi
1140 1411 1323 1488 principatus

122 1529 153 1580 et
173 1520 345 1597 imperium,
367 1528 399 1579 et
417 1519 581 1596 praecipue
602 1535 711 1578 munus
733 1516 932 1593 Imperatoris
954 1525 986 1576 et
1005 1517 1103 1575 Ducis
1125 1524 1236 1576 contra
1250 1516 1322 1574 Tur·

121 1639 191 1683 cum
213 1624 364 1682 communi
383 1623 629 1682 Christianorum
650 1621 790 1690 coneilio,
811 1637 962 1679 consensu
985 1616 1015 1678 et
1028 1620 1161 1690 decreto,
1183 1619 1255 1678 aliis
1269 1621 1324 1677 Re·

120 1727 212 1806 gibus
235 1737 265 1785 et
284 1726 478 1802 Principibus
501 1725 660 1785 catholicis
682 1726 713 1784 in
735 1724 881 1784 desidiam
904 1732 935 1784 et
950 1724 1120 1800 voluptates
1134 1732 1187 1783 aut
1201 1724 1233 1781 in
1250 1723 1325 1781 bella

121 1831 225 1892 civilia
245 1830 406 1898 revolutis,
428 1826 700 1892 committeretur?
714 1821 760 1910 ⁴⁸)
781 1829 945 1888 Petaneius
967 1845 1041 1886 vero
1062 1826 1189 1886 Daciam
1211 1836 1325 1886 austra·

120 1934 182 1994 lem
204 1932 381 1992 describens
404 1918 464 1992 ait:
493 1932 596 2005 „llaec
618 1941 667 1992 est
686 1933 843 2010 provincia
862 1931 969 1994 Dacia
989 1900 1067 1991 alea
1088 1931 1165 2009 apud
1184 1942 1324 1998 veteres,

124 2033 332 2097 Romanorum
354 2035 485 2106 colonia,
504 2036 583 2096 unde
605 2037 672 2096 eius
693 2036 879 2114 Aborigines
901 2035 959 2096 bac
979 2036 1069 2096 etiam
1090 2045 1197 2096 nostra
1218 2046 1325 2111 tempe·

129 2223 519 2245 m..-

170 2364 200 2431 ΙΡ)
218 2370 374 2421 θιακὶεῑαιιε
392 2368 559 2429 delatoriae,
577 2369 700 2420 Anactes
715 2367 807 2429 moni
822 2368 963 2420 Pelusiae.
980 2367 1081 2418 Annali
1100 2367 1145 2428 ΕΙ

289 2455 395 2520 Eadem
412 2454 472 2507 iere
489 2454 524 2506 de
549 2455 605 2507 boc
622 2453 753 2521 Principe
776 2453 866 2507 refert
884 2453 1073 2516 lstbuandus,
1098 2453 1212 2507 diverso
1237 2459 1325 2507 tamen

144 2563 145 2566 ¹
222 2541 319 2607 styloe
348 2540 447 2607 offuit
471 2541 644 2608 Stephanus]
676 2556 858 2608 peromnem
889 2543 977 2596 ultam
1007 2542 1171 2610 disciplinae
1200 2542 1326 2598 militaris

221 2628 350 2693 scientia,
368 2636 397 2683 et
415 2629 501 2683 rebus
518 2629 593 2683 bello
611 2629 758 2697 praeclare
774 2630 864 2697 gestis
882 2630 1010 2696 inclytus
1018 2636 1047 2682 ct
1062 2630 1241 2684 celebratus:
1254 2645 1327 2682 nam·

222 2729 278 2784 que
295 2715 424 2770 hostibus
441 2716 582 2779 omnibus,
601 2731 664 2769 eum
682 2716 784 2785 qubus
801 2733 880 2771 arma
897 2719 1025 2784 eontulit,
1043 2733 1157 2787 semper
1173 2717 1327 2771 admirabili

221 2803 328 2857 virtute
353 2811 382 2858 et
404 2804 570 2872 fortitudine
593 2805 724 2872 superior
746 2806 848 2860 evasit.
868 2807 1008 2860 blachiam
1025 2809 1130 2875 Regem
1157 2811 1328 2874 (quanquam

223 2899 288 2945 astu
305 2893 399 2962 potius
417 2901 446 2947 et
463 2895 578 2958 fraude,
604 2893 707 2961 quibus
724 2894 765 2947 uti
782 2894 910 2964 solebat,
936 2910 1018 2962 quam
1036 2909 1103 2948 vera
1120 2895 1161 2964 vi)
1189 2900 1328 2947 noetumo

223 2981 332 3048 praello
350 2982 424 3050 apud
438 2983 555 3036 Banlam
564 2970 725 3036 Moldavlae
743 2983 885 3052 oppidum,
902 2998 959 3036 non
976 2983 1075 3051 procul
1092 2998 1108 3036 a
1125 2980 1229 3036 'screto
1240 2997 1327 3047 amne,

109 3137 111 3141 .
224 3070 318 3123 meum
333 3077 365 3125 ct
381 3072 487 3140 sagitta
502 3071 531 3124 ln
548 3071 688 3125 incertum
704 3072 807 3125 emim
821 3072 1128 3134 vulneratum‚‘iinlbus
1141 3072 1203 3123 sula
1217 3071 1329 3125 submo-

108 3174 129 3215 “·,·
224 3158 281 3227 vlt3
300 3174 364 3213 cum
382 3175 437 3228 quo
454 3167 548 3213 manen
566 3161 628 3213 sine
646 3176 726 3213 mora
743 3160 771 3212 in
789 3159 908 3228 gratiam
925 3161 1018 3224 rediit,
1035 3161 1111 3215 vites
1130 3159 1190 3212 elue
1209 3165 1239 3211 et
1254 3173 1331 3211 arma

226 3248 350 3314 veritus,
369 3248 572 3316 clientelaeque
590 3248 755 3317 obsequium
772 3248 883 3301 obtulit.
899 3248 1070 3301 Mabometis
1089 3248 1184 3316 copias
1202 3247 1330 3314 ingentes

225 3335 396 3389 Moldaviam
413 3337 588 3404 provinciam
605 3352 686 3389 suam
702 3343 865 3401 vastantes,
883 3337 975 3390 eaesis
992 3337 1067 3397 ultra
1085 3337 1177 3389 XXX.
1202 3334 1329 3388 millibus

227 3423 338 3489 Tutela,
356 3425 433 3489 vicit,
452 3431 481 3479 et
497 3426 678 3478 retrocedere
695 3425 796 3492 coegit.
814 3427 840 3478 Α
857 3424 986 3478 Tartaris
1000 3431 1059 3477 tam
1079 3425 1331 3477 chersonesiTau·

226 3511 304 3565 ricae
321 3512 422 3566 incolis
441 3519 470 3566 et
487 3513 611 3580 Nagaiis,
630 3527 712 3581 quam
730 3514 778 3581 qui
799 3514 876 3566 ultra
892 3516 954 3568 liba
970 3513 1084 3566 fluvium
1108 3512 1137 3564 ln
1154 3513 1224 3566 Asia
1246 3513 1330 3566 sedes

128 3615 133 3621 ·
211 3599 342 3666 babent,
360 3601 456 3653 multis
473 3601 582 3655 vicibus
600 3602 727 3670 insignes
739 3603 875 3656 victorias
892 3592 1329 3671 reportavn.'1’osuemonlber-

228 3692 288 3762 tum
304 3688 440 3752 Polonlae
457 3690 578 3758 Regem,
602 3696 739 3758 utsupra
755 3692 923 3756 retulimus,
948 3691 1040 3744 eaesis
1059 3697 1088 3743 et
1110 3690 1200 3758 captis
1218 3704 1253 3743 ex
1271 3691 1332 3742 eius

154 3778 175 3787 ’“
229 3777 355 3830 exercitu
372 3779 471 3832 multis
485 3780 627 3832 bominum
644 3779 778 3844 millibus,
796 3781 831 3833 ad
838 3776 991 3833 Bucoviam
1007 3780 1108 3832 silvam
1118 3770 1242 3832 'maxima
1252 3779 1330 3832 clade

229 3862 341 3919 adiecit:
363 3866 403 3918 ita
420 3873 452 3920 ut
469 3866 543 3921 inter
559 3866 757 3921 memorabiles
780 3874 850 3923 suae
867 3869 969 3921 aetatis
986 3872 1081 3922 Duces
1098 3868 1174 3921 baud
1191 3867 1330 3920 immerito

228 3952 388 4021 censendus
406 3956 472 4008 esse
496 3955 654 4009 videatur<
675 3960 712 4010 Ν.
734 3950 876 4020 lemannus
900 3961 1074 4022 Pannonios,
1098 3959 1221 4029 Historia
1243 3957 1329 4020 nepai

228 4044 397 4109 Hesperiae·
415 4045 480 4095 Lib.¹
488 4047 560 4096 ·1v.··
873 4051 885 4060 ’“

162 4125 205 4193 ⁴⁴)
223 4132 349 4194 Dinaeae,
366 4133 490 4186 Historia
506 4134 596 4197 [teani
612 4133 754 4200 Polcm‘oe,
771 4136 832 4188 Lib.
847 4137 924 4190 xiil.
