2746 4604
738 57 753 109 ι

122 164 229 223 nxxn
260 127 262 130 ⁴

93 318 190 373 *nas
214 293 349 403 ubique
372 309 511 375 attente
533 291 802 403 inquisivimus,
828 290 1053 400 antiquiores
1077 291 1247 397 integras
1272 294 1332 369 re·

124 411 350 490 centioribus
375 411 559 544 corruptis
584 409 842 545 praetulimus,
867 409 1053 542 simplices
1078 425 1115 487 et
1138 409 1328 531 praecisas

124 527 326 661 complexis
352 541 389 606 et
413 527 533 632 vagis,
559 527 681 605 minus
707 553 850 634 quoqne
874 524 1029 604 usitatas
1048 525 1292 643 vulgaribus
1295 534 1329 602 e't

69 742 71 745 Ι
122 643 224 723 tritis
249 642 544 750 anteposuimus,
576 644 639 721 ubi
670 659 792 721 autem
826 641 1077 719 necessarium
1098 628 1326 735 censuimus,

126 786 253 838 omnes
278 759 423 866 quidem
447 758 699 851 indicavimus,
723 757 791 837 sed
816 786 879 836 eas
905 757 1035 835 maiori
1024 756 1176 866 studio
1194 756 1327 861 selegi·

126 902 241 971 mus,
261 903 351 982 quas
378 875 606 976 argumentis
639 902 686 953 ex
714 874 770 952 rei
793 889 925 952 natura
947 872 1072 980 petitis
1095 872 1173 950 nixi
1199 901 1325 981 appro-

124 990 215 1069 bare
246 990 448 1070 debuimus.
479 980 762 1123 Etymologiaip
789 1019 859 1098 pro
888 989 1076 1068 Ariadnae
1107 989 1170 1066 filo
1204 988 1324 1067 babui-
1364 1090 1367 1095 Ι

125 1135 220 1197 mus,
243 1099 481 1211 Analogiam,
506 1135 716 1214 supremam
741 1106 779 1183 in
802 1106 915 1184 rebus
940 1106 1193 1211 grammaticis
1216 1105 1323 1209 legis·

125 1222 307 1320 latricem,
323 1222 458 1331 ub1que
468 1224 710 1307 strictissime
723 1223 1013 1314 observavimus,
1028 1251 1230 1356 omnesque
1244 1221 1320 1300 hinc

124 1341 281 1419 fluentes
306 1339 425 1445 leges,
449 1355 592 1418 tantum
606 1357 693 1448 post
708 1339 936 1418 sufficienter
959 1319 1154 1447 disquisita
1169 1367 1319 1415 momen·
1350 1396 1360 1425 ,

124 1471 180 1548 ta,
212 1484 281 1564 per
303 1455 552 1534 inductionem
587 1455 791 1535 solenniter
824 1455 1165 1562 pronunciavimus,
1203 1453 1318 1532 nullibi
1354 1550 1368 1559 „

125 1585 248 1651 antem
272 1573 420 1651 easdem
445 1575 645 1683 anticipare
670 1574 750 1653 ausi
776 1601 923 1672 sumus,
955 1600 1002 1648 ne
1027 1571 1064 1649 in
1088 1571 1243 1679 propria
1263 1571 1317 1649 im·
1359 1574 1373 1669 j··

127 1688 322 1792 mergendi
347 1691 491 1768 somnia
508 1691 712 1798 periculum
727 1689 936 1768 subeamus.
960 1689 1006 1765 In
1028 1688 1316 1794 pronunciatione
1360 1768 1372 1795 k

122 1802 342 1910 exponenda
353 1805 440 1884 etin
454 1805 640 1883 scribendi
650 1805 795 1884 ratione
808 1803 957 1908 figenda
967 1831 1198 1911 nequaquam
1215 1802 1316 1883 intuo

123 1946 207 1998 rum
232 1918 270 1997 in
295 1919 616 2028 disquisitionibus
640 1921 828 2029 empiricis
852 1948 932 1997 rem
962 1948 984 1997 a
1012 1918 1130 2026 priori
1160 1917 1317 1998 deterrui·
1348 1910 1372 1993 ‘?·

124 2061 217 2114 aare
240 2036 488 2142 satagentium
513 2035 631 2115 secuti
647 2064 776 2114 snmus
790 2035 992 2126 conamina,
1005 2051 1046 2114 nt
1061 2033 1206 2132 deinde,
1222 2060 1318 2142 quun
1358 2048 1366 2055 ‘

125 2150 213 2231 licta
235 2169 366 2234 nostra
379 2182 511 2232 norma
533 2154 628 2232 falsa
650 2151 775 2250 fuerit,
800 2151 881 2260 ipsa
895 2142 1140 2260 contorquere
1155 2150 1320 2230 vocabula

123 2270 353 2376 obligemur,
378 2271 425 2350 ad
442 2269 682 2378 justificanda
704 2269 830 2348 inania
853 2287 1078 2365 commenta3
1103 2267 1172 2347 sed
1187 2267 1319 2347 bladie-
1359 2288 1368 2297 ··

124 2388 343 2466 maticorum
367 2384 427 2465 nsi
451 2387 716 2484 methodicen
743 2385 960 2464 adduximus
978 2384 1127 2490 singula
1141 2386 1320 2471 elementa,

123 2519 165 2581 ut
188 2502 401 2582 necessario
427 2502 526 2580 omni
550 2531 598 2580 ex
621 2519 728 2609 parte
752 2530 794 2580 se
808 2501 916 2580 nobis
934 2501 1193 2596 manifestent.
1206 2500 1334 2579 otas

124 2618 293 2726 vatisque
317 2618 475 2696 diversis
499 2618 689 2697 coloribus
712 2646 780 2725 pro
805 2617 954 2696 diverso
970 2618 1045 2696 situ
1060 2615 1227 2708 reflexis,
1252 2615 1321 2722 ipse

125 2750 245 2814 semet
268 2733 428 2841 prodere
452 2733 771 2842 determinareque
803 2735 1060 2842 permisimus,
1093 2749 1129 2812 et
1155 2733 1252 2811 bane
1273 2741 1321 2808 so·

125 2850 313 2929 lummodo
337 2849 678 2929 determinationem
707 2852 865 2956 regulae
897 2852 1061 2930 adinstar
1091 2849 1321 2954 signavimus.

125 2967 172 3046 ln
195 2966 369 3044 universa
392 2965 594 3045 dictionum
618 2967 777 3046 flexione
802 2968 1007 3102 composita
1031 2995 1053 3044 a
1077 2965 1321 3073 simplicibus,

120 3081 337 3161 derivatae
360 3083 571 3190 primitivis,
596 3108 740 3162 summa
763 3112 847 3162 cum
871 3084 1072 3163 attentione
1086 3081 1323 3168 distinximus,

125 3224 174 3276 ne
197 3197 320 3276 omnia
344 3197 383 3274 in
407 3197 534 3277 eadem
559 3200 633 3276 olla
650 3199 815 3304 jacentia
838 3200 1091 3278 confusionem
1116 3199 1275 3306 pariant,
1294 3208 1325 3273 et

127 3313 285 3392 incautis
320 3314 483 3392 occultas
514 3317 708 3422 qualitates
738 3315 943 3395 arbitrandi
973 3314 1206 3394 occasionem
1231 3339 1324 3422 prae·

18 3456 40 3479 ··
128 3429 258 3520 beant,
290 3428 344 3507 uti
369 3429 557 3536 bucusque
581 3431 699 3509 lieri
686 3430 835 3510 mimica
859 3431 975 3509 voluit
998 3430 1166 3525 fortuna3
1191 3445 1325 3508 contra·

128 3561 188 3624 ota
213 3545 340 3624 eadem
368 3572 415 3625 ex
432 3574 543 3624 causa
559 3544 821 3640 distraximus,
846 3546 1055 3655 complicita
1075 3547 1327 3654 explicuimns3

130 3661 256 3740 omnia
285 3678 364 3741 tarn
392 3662 490 3740 nuda
520 3679 605 3741 ante
640 3663 768 3741 oculos
798 3663 1007 3773 posuimus,
1038 3678 1080 3742 ut
1110 3664 1246 3742 saltem
1275 3657 1328 3770 qui

129 3779 232 3858 coeci
255 3805 336 3873 non,
357 3795 462 3871 sunt,
492 3779 591 3859 facili
616 3780 762 3877 videre,
799 3797 837 3859 et
861 3780 906 3859 de
927 3780 983 3859 rei
1006 3780 1164 3881 veritate
1186 3804 1328 3889 persua·

130 3894 211 3978 deri
235 3895 382 4003 possint
404 3895 569 4000 negotio.
603 3897 702 3975 Hine
725 3896 850 3976 verbis
874 3897 913 3976 in
934 3896 1084 4002 legibus
1109 3891 1331 4004 explicandis

133 4014 349 4121 plerumque
372 4011 617 4121 pepercimus,
632 4013 699 4092 sed
724 4015 891 4123 exempla
913 4013 1156 4124 proludimus‚
1183 4008 1336 4120 quaein

132 4128 203 4209 boc
225 4157 364 4235 genere
388 4156 457 4238 pro
482 4128 744 4238 experimentis
769 4129 896 4212 haberi
921 4128 1073 4227 debent;
1097 4127 1161 4209 ubi
1178 4126 1261 4208 lieri
1274 4151 1340 4230 po-
