2746 4604
1154 206 1232 264 xiv

18 335 127 399 Mona
148 336 229 399 buno
249 338 398 418 stipendia
418 338 475 401 aab
495 338 645 421 ilungaro
665 340 765 404 Halae
784 344 959 416 Praefecto,
980 349 1095 410 feeiase
1116 367 1228 410 memo·

24 450 99 503 rant.
112 444 240 522 Nosque
261 463 279 505 a
299 447 378 505 Divo
400 445 516 507 Mathia
537 448 749 527 nonnunquam
770 450 957 510 audivimus:
986 469 1058 514 eum
1076 454 1229 514 Praefecti

26 546 182 606 emusdam
203 548 298 607 filium
319 551 349 608 in
372 561 566 628 eonspeotum
587 553 778 624 admitteret,
796 553 874 632 qnod
895 554 930 614 de
952 566 1038 632 patre
1059 574 1230 618 munerans

29 651 63 710 ad
82 650 319 730 alioa.ingenue
341 655 506 714 fatebatur:
528 654 588 715 Hie
609 667 667 726 est,
690 659 802 736 inquit.
826 659 908 718 illins
916 658 1077 736 optimatis
1098 671 1228 741 gnatus,

31 754 82 813 snb
102 773 164 832 quo
186 765 273 832 pater
293 774 379 816 mens
401 761 531 835 primum
553 763 675 840 meruit,
697 773 863 840 vocemque
884 765 1071 823 oentnrionis
1094 765 1230 841 expauit,

32 878 98 920 mox
119 861 247 937 propria
267 862 390 930 virtute,
411 863 610 941 fortunaeque
631 865 819 926 dexteritate·
836 867 950 936 fretos,
962 867 1073 926 'mania
1088 884 1229 945 ,quaeque

33 964 151 1023 militiae
172 964 478 1025 bonorifieentissime
499 969 609 1045 gessit,
632 987 671 1028 ex
692 969 771 1031 bono
791 980 899 1047 tyrone
920 971 1008 1031 miles
1029 970 1229 1040 fortissimus,

32 1087 67 1126 ex
84 1068 181 1127 milite
203 1071 372 1144 Imperator
388 1071 525 1145 ‚optimus
547 1074 684 1133 emersit.
700 1104 742 1119 ·-
760 1075 823 1133 Per
844 1074 985 1158 singalas
1007 1074 1129 1134 ordines
1142 1075 1229 1137 'miro

32 1172 121 1231 laudis
144 1172 324 1250 gloriaeque
344 1189 490 1232 anoeessn
507 1173 573 1248 jam
594 1176 729 1246 eveetu's,
750 1179 923 1255 provintias
937 1196 1007 1237 oum
1020 1177 1229 1254 imperiosos,-

33 1275 300 1351 secespitam
321 1277 585 1352 praestantissima
600 1278 812 1340 iiber-eborum
824 1280 913 1339 domo
935 1279 1110 1344 amuletum
1131 1280 1229 1345 inivit.

34 1377 103 1438 ilino
123 1377 343 1455 Elisabetbam,
365 1392 442 1456 quae
454 1380 637 1441 'Ladislaum
658 1381 865 1460 blathiemque
886 1385 1009 1461 genuit.
1029 1401 1155 1447 uxorem
1176 1383 1229 1453 du·

34 1484 81 1544 sit.
100 1484 372 1561 viventemque
394 1502 537 1562 magnam
544 1484 745 1570 Corvinorum
765 1487 920 1556 uirtutem.
942 1489 1015 1547 item
1028 1487 1229 1564 magnanimi·

36 1595 134 1657 tatem
159 1589 357 1665 sapientiam,
383 1588 654 1667 fortitudinemque
675 1592 841 1651 itomanam
863 1608 1086 1677 reoognosoere
1108 1589 1227 1651 licebat.

10 1760 12 1773 Ι
35 1691 176 1767 dispectu
187 1691 360 1769 perliberali
371 1693 430 1751 fuit
444 1711 480 1753 ao
491 1692 675 1762 venerando,
687 1694 940 1755 militarirobore
954 1695 1127 1763 indomitus,
1140 1695 1228 1757 euius

10 1776 12 1781 ¹
37 1796 96 1854 nite
117 1799 340 1874 praestansque
361 1798 535 1874 ingenium,
564 1797 639 1857 nihil
660 1807 782 1875 praeter
799 1800 957 1858 Romanae
978 1798 1133 1876 dignitatis
1154 1799 1228 1867 ima·

38 1879 127 1974 ςίιιιιι
147 1899 311 1960 referebat.
334 1899 497 1960 Oculorum
519 1919 555 1960 ao
571 1903 636 1961 oris
649 1902 1016 1980 venustate-praepolluit.
1026 1901 1132 1963 Mores
1147 1903 1228 1961 omni

10 1993 14 2081 J
39 2013 165 2080 exparte
180 2002 374 2075 nobilissimi.
396 2003 432 2062 ab
455 2005 595 2083 omnique
617 2005 748 2067 barbara
760 2005 881 2065 feritate
897 2004 1035 2064 redemti.
1056 2005 1227 2082 Religionis

10 2086 13 2159 ῗ
41 2122 66 2165 ae
78 2106 229 2182 justitiae,
250 2110 323 2167 item
344 2107 536 2169 liberalitatis
551 2119 582 2168 et
598 2108 814 2191 benoliqentiae
831 2109 1076 2171 studiosissimus
1090 2109 1156 2169 fuit.
1168 2111 1227 2169 lle·

10 2238 26 2277 t·
41 2229 84 2288 ιιι
103 2214 209 2273 deerat
236 2232 322 2273 amor
342 2212 512 2279 honentatis¹
531 2222 564 2272 et
585 2214 734 2273 amicitiae
754 2213 874 2281 tultus,
903 2212 940 2271 ad
954 2211 1137 2288 obligandos
1151 2212 1228 2273 mili·

10 2340 21 2369 ι
42 2321 88 2376 ia!
108 2319 239 2386 animos,
253 2327 283 2378 et
297 2319 528 2394 promerendam
548 2326 740 2377 caeterorum
760 2318 892 2396 gretiam
913 2318 1010 2393 usqne
1032 2315 1105 2379 adeo
1126 2335 1226 2392 prom·
1341 2390 1343 2395 ,

10 2408 12 2413 ⁸
40 2425 90 2491 ies,
118 2431 151 2480 ut
176 2440 277 2500 aeque
293 2421 343 2481 ‚ab
366 2423 504 2482 omnibus
527 2430 691 2483 amaretur.
714 2422 877 2500 (lumitate,
901 2420 1116 2488 beneficentia,
1137 2419 1227 2481 disai-
1337 2494 1341 2499 ἢ

39 2527 247 2604 solationeque
275 2527 399 2595 callida,
429 2529 474 2586 sio
495 2526 676 2586 inimicitias.
689 2534 724 2584 et
743 2525 812 2585 odia
831 2525 1009 2591 declinavit,
1037 2531 1070 2581 ut
1091 2522 1140 2587 bis
1161 2524 1228 2587 oil't·

39 2628 138 2688 tiorum
159 2630 277 2689 artibus
298 2631 336 2691 ad
357 2633 423 2689 eius
446 2631 602 2708 dignitatis
624 2629 811 2690 altitudinem
832 2629 891 2689 sibi
912 2629 992 2688 viam
1021 2627 1226 2711 eomparavit,

10 2738 110 2806 ittam
130 2753 171 2793 ne
193 2753 322 2812 sperare
342 2735 463 2814 quidem
484 2735 634 2799 licuisset.
663 2735 745 2793 Aeer
764 2732 959 2797 etemelsus
980 2732 1053 2812 viro·
1078 2732 1136 2795 fuit
1163 2733 1226 2793 aoi-

10 2812 108 2909 lma,
139 2839 303 2898 eonsilium
322 2839 454 2915 prudens
466 2839 693 2915 ,callidumqum
723 2838 772 2897 oui
792 2855 860 2896 mos
882 2844 949 2894 erat
969 2836 1012 2894 nil
1027 2835 1222 2905 ,ineonsultm

32 2942 64 3000 m
82 2945 298 3018 intempestive
320 2960 423 3021 agere.
445 2942 496 3000 llil
513 2955 587 3019 spes
610 2943 685 3000 eius*
700 2949 843 3018 appetere
863 2938 1045 3009 vifebrium}
1059 2939 1138 3016 quod
1158 2947 1226 3017 arte

29 3048 213 3124 consilioque
233 3047 357 3123 assequi
379 3054 438 3104 non
460 3045 595 3109 auderet.
616 3045 765 3103 Variante
786 3052 887 3102 tamen
907 3044 939 3101 in
959 3042 1040 3102 bello
1055 3043 1178 3112 fortuna
1192 3060 1225 3102 u·

28 3162 84 3220 tas,
107 3169 148 3210 ne
170 3149 331 3223 obnoxiam
352 3149 644 3226 banesibi-semper
657 3147 801 3231 habuisse
814 3146 989 3213 alteratum
1010 3144 1225 3224 inlagroHun·

24 3255 152 3326 eiadioo,
172 3271 264 3331 φιοιιι
278 3272 296 3313 a
310 3251 507 3331 sigismundo
531 3236 683 3328 quondam*
703 3249 779 3310 dono
794 3256 963 3329 aeeeperat,
984 3249 1016 3307 in
1031 3249 1226 3317 editomonte

25 3359 183 3418 rastellum
204 3359 314 3426 erexit,
338 3356 418 3434 quod
438 3355 554 3431 plaeida
576 3357 694 3415 eironm·
707 3355 832 3435 flumina
847 3351 1002 3411 lambuntr·
1017 3353 1090 3425 item
1105 3362 1172 3421 arte
1182 3370 1226 3419 ae

19 3473 130 3545 ¹astura
153 3479 249 3539 usque
271 3461 345 3520 adeo
367 3461 523 3531 munitum,
545 3469 580 3518 ut
595 3457 859 3521 nullumhostium
873 3459 1017 3533 impetum
1035 3457 1225 3521 reformidet.

24 3564 161 3628 ioannes
183 3567 280 3643 igitur
292 3565 454 3632 Coruinus,
466 3573 536 3640 post
549 3572 679 3631 caetera,
691 3580 766 3638 quae
781 3579 898 3621 summa
917 3577 986 3619 eum
1000 3561 1086 3623 laude
1100 3579 1227 3621 munera

23 3679 179 3750 gesserat,
188 3669 456 3743 'l'ranssylvaniam
467 3669 654 3743 provinciam
670 3685 738 3726 eum
753 3666 893 3742 imperio,
910 3664 947 3723 ob
965 3682 1030 3729 rem
1045 3666 1156 3740 optime
1173 3682 1226 3742 ge·

22 3787 101 3837 mm
122 3774 317 3850 impetravit:
339 3782 427 3849 atque
449 3770 519 3831 hine
539 3770 630 3830 facile
652 3769 693 3832 ad,
710 3770 843 3829 maxima
865 3767 1144 3847 quaequesubinde
1158 3785 1226 3826 eve·

20 3890 89 3941 etus
111 3887 175 3943 est.
203 3877 303 3952 Quare
328 3875 471 3936 Voieoda
492 3869 542 3955 (ut
555 3870 652 3956 aiunt)
676 3874 927 3952 cognominatus,
956 3869 1224 3946 multumpostbao
1347 3938 1357 3953 ,

18 3985 216 4044 auctoritatis
238 4000 274 4042 ao
295 3980 447 4058 potentiae
469 3979 527 4036 sibi
549 3976 747 4037 vendicavit.”
769 3978 805 4051 *J
827 3975 964 4034 illustria
985 3977 1050 4034 eius
1067 3974 1147 4034 faeta
1161 3962 1225 4034 uniss

69 4209 101 4274 ⁴)
119 4211 256 4262 Antonius
268 4208 533 4272 Boafinfua,.lierom
550 4206 769 4265 lfosaortoorooa
786 4169 928 4263 Boeotios,
944 4203 1056 4254 Decede
1071 4166 1124 4255 m.
1136 4202 1187 4253 tiit.
1200 4202 1236 4250 4.
1315 4232 1319 4243 ·
