2746 4604
473 103 860 180 syntaxis'lldverbiorem.
1205 102 1271 166 m
1295 100 1298 107 ’

173 250 205 318 b)
220 252 591 320 irttcrrogstio·sciscitans,¹
602 258 696 307 utrum
714 249 819 320 aliquid
837 265 938 324 revera
953 252 1056 306 existat
1073 250 1120 304 vei
1134 265 1190 304 non
1210 250 1267 303 eri·

72 344 144 408 stet,
156 341 226 407 petit

206 452 240 511 o)
262 450 457 517 repetitionem
481 450 639 504 absolutam
657 449 743 504 Verbi
760 451 928 504 substantivi
954 467 969 503 e
987 450 1014 502 ln
1031 450 1115 504 tertia
1130 463 1269 517 persona,

72 535 100 588 in
118 550 173 604 qus
190 537 243 590 boe
259 552 347 590 sensu
364 538 446 606 qumi
461 553 571 606 semper
587 539 722 603 occurrit,
739 539 764 591 si
782 538 967 605 responsione
983 536 1153 599 allitmatur,
1168 551 1193 590 e·-
1206 552 1235 603 g.

73 630 96 677 A
114 641 182 676 casu
199 641 215 677 e
231 628 349 678 Mores?
365 633 398 678 e!
670 629 761 679 Estne
779 621 855 678 domi
873 620 1013 676 Marcus?
1032 618 1098 675 esti

74 715 98 764 lc
114 716 270 765 decertetis?
285 719 321 766 e!
380 725 381 730 ’
543 721 544 724 ’
667 710 840 767 sullleltuot
857 707 1005 792 sull'leltl.

205 824 236 883 i)
254 837 316 875 cunr
335 823 488 889 Negatione
506 839 541 876 nu
554 825 681 888 uncum
699 823 910 891 repetitionem,
929 822 954 873 si
972 835 1019 874 res
1037 821 1066 872 in
1082 820 1270 888 responsione

72 915 200 974 negatur,
218 922 245 963 e.
262 925 289 976 p.
311 925 328 946 ἱ
521 979 524 983 ¹
684 957 686 962 .

70 1003 116 1053 Ne
134 1015 151 1051 e
170 1017 187 1050 o
204 1012 270 1051 coeo
286 1001 403 1053 ii’orest
420 1017 460 1052 so
472 1006 505 1052 e!
670 1001 731 1052 Non
749 1001 795 1052 est
812 998 887 1051 dorni
903 996 1041 1052 Marcus?
1058 1012 1113 1051 non
1132 991 1194 1051 esti

70 1090 117 1139 Ne
134 1102 150 1140 e
167 1090 321 1138 desotuiirst
337 1103 373 1139 nu
391 1093 427 1140 e!
670 1090 731 1140 Non
749 1093 796 1140 est
810 1085 905 1140 satis?
923 1088 978 1141 non
996 1081 1052 1140 esti

206 1198 238 1257 o)
255 1201 304 1248 aut
320 1196 409 1248 solem
426 1197 609 1264 Negationem
623 1214 675 1262 nu,
693 1198 719 1250 sl
736 1198 920 1264 interrogatio
938 1197 1043 1264 rariter
1060 1197 1189 1264 negativa
1206 1198 1281 1265 lue-2

69 1281 118 1345 rit,
136 1289 187 1335 snt
204 1283 371 1350 duplicatum
388 1286 572 1351 Negationem
590 1291 624 1337 bn
641 1302 687 1351 su,
705 1285 730 1337 sl
748 1285 936 1352 interrogatio
946 1285 1113 1337 affirmativa
1126 1284 1225 1349 luerit,-
1237 1280 1276 1340 et
1313 1277 1315 1282 ’

69 1371 221 1438 responsio
236 1372 381 1424 contrarie
394 1371 455 1425 lieri
473 1379 613 1440 oportent,
628 1388 656 1427 e.
673 1389 700 1440 g.
743 1437 754 1453 κ

69 1485 148 1534 Νη
164 1497 182 1533 o
199 1484 400 1543 cursitarent
416 1487 472 1535 nu!
565 1494 572 1509 ⁸
667 1483 729 1534 Non
747 1489 793 1534 est
809 1479 1045 1534 domibiarous't
1062 1476 1135 1534 non!
1187 1484 1193 1504 ⁴

69 1570 100 1620 lt
114 1585 132 1618 o
149 1583 215 1620 soso
230 1571 348 1622 Mores?
370 1573 405 1622 to
421 1576 497 1624 nst·
665 1572 755 1624 Estne
773 1570 848 1624 domi
865 1567 1003 1624 Marcus?
1027 1564 1227 1638 nequequaml

168 1677 247 1730 ilaec
263 1677 411 1731 obscurior
427 1679 586 1746 perspectio
610 1678 784 1732 habitudinis
798 1677 884 1734 Verbi
901 1679 1071 1732 substantivi
1088 1695 1102 1730 e
1120 1678 1163 1740 (iu
1180 1677 1269 1733 tertia

68 1778 200 1832 persona,
217 1765 331 1830 utilem
350 1765 494 1833 diximus),
512 1774 540 1820 et
557 1768 714 1835 emphatica
732 1768 793 1820 eius
811 1757 1004 1835 pronunciatio
1022 1767 1114 1822 hocin
1128 1781 1205 1829 casu,
1217 1763 1264 1817 ubl

69 1852 163 1907 solum
180 1854 313 1916 obcurrit,
331 1859 360 1905 et
376 1853 506 1907 obsutum
522 1856 695 1922 suppressio,
713 1855 761 1908 ubi
779 1856 890 1922 negatio
905 1873 941 1907 nu
956 1856 1047 1908 locum
1059 1852 1152 1916 babet,
1170 1854 1264 1905 incau-

67 1946 117 1993 tos
132 1936 167 1993 eo
185 1941 282 2008 duxlt,
305 1947 338 1993 ut
353 1943 408 1995 boe
425 1942 548 1994 Verbum
566 1944 737 1996 Partleulam
763 1942 957 1995 affirmativam
973 1942 1077 1994 latinae
1093 1946 1132 1996 s‘tn
1149 1956 1264 2009 respon·
1348 1995 1360 2006 ς

68 2027 183 2080 dentem
199 2040 263 2080 esse
280 2032 471 2093 autumarent,
489 2029 563 2097 quod
581 2030 692 2080 omnino
710 2030 812 2080 laisum
830 2037 882 2082 est.
1199 2030 1200 2038 ’

167 2139 194 2188 t.
212 2136 399 2202 interrogatio
416 2139 476 2189 rem
493 2136 582 2203 ipsnrn
600 2137 759 2198 sciscitans,
776 2139 847 2205 petit
863 2139 1057 2206 repetitionem
1073 2138 1263 2207 reineccius

67 2230 161 2277 status
179 2225 286 2291 (Verbo
303 2225 454 2293 expressi)
472 2225 500 2278 ln
518 2226 710 2292 responsione,
729 2240 753 2278 e.
771 2243 800 2293 g.

65 2335 165 2387 Mores
182 2339 203 2387 ti
220 2338 289 2387 dede
303 2336 428 2408 tcite’lei
443 2338 559 2389 ituree!
664 2338 824 2390 Marcusne·
835 2335 913 2388 dedit
929 2335 980 2388 tlbl
991 2332 1081 2388 lolia?
1095 2335 1230 2388 Mercuri
1268 2336 1270 2340 ’

67 2426 93 2475 Δ
110 2437 177 2473 esso
193 2438 210 2474 e
224 2431 300 2482 potes
317 2426 382 2476 toul
399 2441 416 2474 n
434 2439 510 2478 curs.
666 2425 792 2478 Domine·
805 2430 848 2478 est
865 2431 945 2492 pater
959 2421 1049 2477 tuus?
1067 2423 1150 2478 cord.

169 2531 345 2600 Quapropter
361 2534 416 2585 boc
432 2532 460 2584 in
479 2547 546 2585 essu
565 2533 882 2588 Adverblacemltantie
898 2532 994 2590 lierbn
1008 2534 1102 2601 repeti·
1115 2532 1216 2611 debent
1232 2532 1260 2584 in

66 2620 261 2687 responsione,
279 2635 333 2674 non
351 2635 419 2674 vero
435 2621 538 2687 Verba,
557 2636 583 2676 e.
602 2636 629 2688 g.
894 2616 895 2619 ’

65 2708 117 2760 Asi
133 2725 162 2761 se
178 2713 240 2765 dice
257 2708 347 2761 esto-it
364 2713 540 2767 rotnace-ree?
557 2711 614 2766 osi,
665 2710 748 2764 Sitne
766 2710 867 2768 dicitur
883 2713 938 2764 boc
956 2709 1090 2764 romenei
1108 2711 1167 2765 Sic.

65 2801 142 2851 Bene
158 2814 187 2850 re
202 2798 307 2861 porntro
322 2800 375 2856 niti
399 2801 454 2851 met
476 2801 505 2851 in
526 2802 646 2852 rusentio
663 2800 778 2852 Benene
801 2813 834 2851 se
851 2807 952 2867 gerunt
968 2799 1019 2852 lilii¹
1033 2800 1088 2857 mei
1105 2800 1233 2855 abstente

98 2885 138 2935 ’io
155 2887 240 2936 meat
256 2890 331 2940 tene.
697 2886 762 2940 me?
779 2886 860 2939 bene.
1174 2896 1178 2903 '

64 2973 129 3025 Aioi
144 2973 247 3028 biremi
262 2975 644 3027 eiioMstentotico'ioiotoi.
664 2975 754 3028 illone
772 2974 868 3028 didicit
885 2975 935 3028 ille
950 2973 1121 3029 Metbesim?
1143 2977 1206 3033 ilie.

163 3109 204 3184 3)
232 3103 439 3188 Negationem
467 3113 592 3185 nemieu
612 3111 710 3183 nihil„
725 3131 816 3173 neme
837 3132 942 3185 nemo,
970 3116 1043 3173 neci
1063 3092 1143 3192 unte,
1163 3113 1258 3175 nullu

63 3213 188 3281 nulus,
208 3216 281 3281 neec*
301 3232 417 3294 neque,
437 3215 588 3288 neociibe,
601 3216 725 3286 nullibi,
746 3219 903 3278 neutuna
924 3218 1010 3293 daia,
1030 3236 1164 3297 nunqua
1184 3238 1256 3279 nun·

64 3335 173 3394 quam,
193 3317 316 3380 neside
330 3335 446 3397 quornm
469 3319 674 3388 nullomodo,
695 3319 725 3378 in
748 3322 907 3380 sententiis
928 3340 996 3380 cum
1017 3323 1130 3382 Verbis
1153 3342 1256 3385 occur·

63 3430 167 3481 rentes
188 3422 225 3480 ad
246 3424 438 3500 negationem
451 3425 614 3500 perlectam
628 3423 813 3484 efficiendam
831 3426 947 3486 Verbis
962 3428 1145 3488 Particulanr
1163 3447 1255 3508 nega·

61 3526 156 3584 tivum
176 3542 222 3585 nu
241 3526 369 3604 praefigi
391 3526 573 3599 desiderant,
594 3549 622 3592 e.
644 3546 675 3606 g.
1108 3536 1111 3543 '

61 3647 121 3710 Nu
138 3649 207 3709 soie
226 3651 359 3710 nemieu.
658 3653 741 3712 Nihil
763 3656 830 3714 scit.
938 3674 940 3678 “

61 3749 149 3812 Neci
162 3749 234 3812 una
248 3753 325 3813 dcto
338 3770 385 3812 nu
399 3753 435 3813 lu
448 3754 525 3814 abiu
536 3758 639 3819 cestu,
659 3757 815 3835 Nunquam
837 3757 898 3823 vidi
920 3775 998 3820 eum.

61 3852 120 3916 Nu
134 3868 355 3919 meccnnosce
373 3863 475 3922 neme.
658 3862 753 3921 Nemo
768 3881 816 3921 ure
831 3863 939 3923 noscit.

60 3955 119 4021 Nu
131 3959 365 4038 isiciispeneei
376 3979 563 4026 rcrnunesce
579 3981 638 4035 ue·
657 3965 721 4024 Nec
741 3968 893 4030 rornanice
915 3985 971 4032 nec
993 3967 1147 4045 hispanice
1167 3967 1252 4029 inlel-

103 4065 313 4142 eispcneeee.
700 4068 784 4146 iigit..
