2746 4604
516 187 662 265 syntaxis
682 187 853 247 dictionum.

423 338 463 398 Ι).
491 337 548 399 De
566 338 790 417 Infinitive
811 333 937 397 modo.

122 490 126 499 .
148 478 161 506 '³
184 465 352 524 infinitivus
370 462 612 540 modus-ponitur
626 464 723 523 solum
737 462 825 521 modo
837 468 908 539 post
923 456 1027 518 Verba
1045 457 1076 516 in
1095 456 1198 535 aliquo
1214 472 1266 516 mo·

85 570 122 630 do
144 570 226 628 finito
249 569 450 636 occurrentia,
472 585 490 625 a
512 568 619 644 quibus
641 567 797 644 dependet.

127 697 150 754 l
178 694 324 753 Absolute
346 693 467 770 ponitur
487 692 655 753 lulinitiuus
677 692 785 756 modus
804 697 877 766 post
896 686 1016 747 Verba.
1035 687 1150 764 potere
1169 701 1266 761 posse,

84 800 171 858 seire
192 799 283 867 scire,
306 796 412 856 volere
432 794 521 864 velle,
543 796 639 855 abere
658 795 780 864 habere,
802 793 1010 860 enotrediore,
1021 807 1146 849 aurare
1161 787 1271 854 audere,

85 900 199 962 dedere
219 880 339 993 deliere,
359 898 465 960 solere
486 896 597 967 solere,
619 889 717 958 licere
737 897 841 966 licere,
862 915 891 960 e.
906 914 938 973 g.

85 1023 143 1085 Nu
168 994 294 1103 polemo
323 1018 565 1102 respondere
548 1043 570 1082 a
599 1022 664 1083 and
683 996 748 1081 Non
766 1038 929 1098 possumus
944 1016 1131 1094 respondere
1146 1014 1269 1092 adquae·

127 1129 376 1203 interrogatione
397 1126 447 1198 atti
470 1128 610 1190 curioso.
724 1126 853 1183 ctionem
874 1133 935 1182 tarn
954 1121 1157 1198 singularem.

86 1227 163 1291 Scie
180 1226 305 1311 lepore,
333 1229 475 1291 scribere
501 1235 534 1290 et
553 1229 664 1291 calcu·
685 1228 751 1288 Scit
771 1227 888 1306 legere,
912 1224 1046 1295 scrihere
1069 1232 1100 1282 et
1115 1221 1269 1295 calculare,

128 1328 219 1409 lare,
248 1322 280 1391 ei
293 1337 359 1395 moi
373 1336 475 1395 multu
492 1314 684 1417 ooqoerto'
727 1330 900 1407 etamplius
916 1347 973 1388 non
989 1327 1157 1425 praetendo
1177 1325 1211 1384 ab
1232 1342 1269 1382 eo.

128 1432 201 1494 de
185 1456 205 1496 a
218 1437 329 1498 denen.

93 1535 196 1599 Votett
222 1559 389 1602 remanere
416 1541 470 1602 odo·
499 1560 541 1604 cu
558 1542 623 1655 noi
643 1536 665 1602 ὰ
685 1538 828 1600 Vultisue
847 1537 1004 1599 nobiscum
1027 1514 1120 1594 hodie
1142 1533 1178 1592 ad
1194 1547 1267 1610 prun·

128 1632 296 1720 prandisti
679 1630 805 1702 dium
820 1644 967 1702 mauore'
1301 1622 1305 1651 ¹

88 1745 144 1805 Nu
164 1753 272 1810 contre
255 1749 326 1808 odia
346 1749 453 1811 dicere
472 1766 540 1810 una
567 1747 666 1809 oe'rda
683 1748 753 1808 lton
780 1747 869 1807 audet
893 1744 1020 1804 verbnm
1051 1743 1157 1802 dicere
1182 1753 1266 1801 cortu
1298 1728 1305 1768 ¹

129 1851 248 1909 inante’
256 1851 290 1910 lo
308 1857 401 1930 patre
420 1870 489 1911 eeu.
727 1862 813 1928 patre
835 1869 900 1909 suo
1297 1832 1305 1892 t,

88 1951 200 2013 Μαι·
224 1960 407 2033 computare
421 1935 590 2015 dene'uno
613 1954 667 2014 ltc-
686 1957 813 2015 Deliciis
832 1972 897 2013 rom
921 1950 997 2010 hene
1023 1949 1209 2028 perpendere
1227 1961 1265 2002 an·
1303 1962 1306 1995 ι

128 2074 190 2116 cru
217 2060 328 2118 inante
356 2059 396 2118 de
423 2068 547 2138 ponere·
568 2076 666 2119 mona
726 2068 849 2137 tequam
871 2056 1075 2136 aggredimini
1098 2070 1175 2113 earn.
1290 2036 1305 2114 tl

54 2180 57 2184 ’
129 2146 213 2221 'ie
196 2181 218 2222 a
239 2160 314 2223 eliu.
695 2172 699 2177 ·

87 2258 206 2337 Soledo
221 2264 291 2325 dice
303 2264 448 2345 Seneca,
477 2286 539 2356 quo
560 2286 578 2326 e
598 2269 663 2328 moi
685 2264 808 2335 Solebat
821 2263 922 2324 dicere
935 2260 1066 2351 Seneca,
1089 2260 1197 2319 melius
1209 2272 1263 2316 esso
1296 2244 1306 2307 it

129 2367 208 2442 dene
220 2370 258 2428 de
268 2350 383 2447 faeere
395 2371 579 2451 qlequereu
580 2366 663 2451 ,qud
726 2367 837 2447 aliquid
857 2368 935 2429 male
953 2367 1075 2435 iacere,
1099 2383 1187 2443 qnam
1206 2359 1265 2422 nihil

129 2472 226 2535 ἄρηα
233 2475 349 2551 secere
369 2476 502 2537 nemico.
726 2492 829 2553 agere.
937 2522 940 2527 .
1297 2453 1306 2515 'i

88 2573 145 2633 Nu
165 2575 227 2635 lice
247 2580 416 2636 vectimare
436 2577 499 2652 lepe'
508 2577 558 2637 ’le
684 2579 751 2637 llou
773 2579 845 2637 licet
864 2577 952 2654 leges
972 2575 1104 2635 violare.
1160 2600 1164 2625 =
1194 2608 1197 2613 .

88 2673 175 2735 Atto
196 2680 313 2754 facere
343 2697 445 2758 quevo
475 2681 516 2741 do
542 2700 589 2743 nu
613 2701 664 2742 me
682 2681 804 2759 Aliquid
837 2697 979 2758 agerem,
1013 2679 1041 2737 si
1072 2677 1149 2738 mihi
1177 2689 1264 2736 manue
1297 2660 1306 2722 i

130 2780 190 2839 ode
205 2781 314 2841 dolere
325 2801 423 2842 manc
429 2781 485 2844 '.la
725 2804 784 2845 non
806 2785 931 2843 doleret.

92 2883 188 2945 Voliu
208 2888 316 2979 venire
336 2904 430 2948 mane
449 2905 494 2947 au
509 2890 665 2981 primane.
687 2891 817 2950 Veniam
838 2906 907 2948 cras
929 2895 981 2945 aut
1000 2893 1153 2961 postcras.
1298 2870 1307 2929 i

188 3008 220 3059 ln
244 3008 290 3083 his
308 3009 419 3075 duobus
437 3011 543 3065 ultimis
561 3013 716 3081 exemplis,
740 3012 782 3065 uti
799 3010 890 3065 videri
905 3014 1016 3078 potest,
1038 3007 1137 3061 Verba
1155 3009 1230 3059 olere
1246 2980 1296 3091 ct}

88 3099 178 3151 volere
195 3102 262 3148 sunt
279 3099 435 3152 auxiliaria.
1292 3048 1307 3159 p

130 3207 180 3291 11..
200 3208 368 3277 infinitivus
384 3210 491 3286 produn
509 3228 577 3271 cum
591 3211 822 3301 Praepositionu
838 3227 859 3269 a
872 3160 995 3285 ponitur
1015 3217 1088 3284 post
1108 3205 1213 3267 Verba
1229 3210 1297 3262 tet-²

89 3310 265 3387 primentic·
287 3313 398 3389 nisum,
420 3313 626 3380 directionem,
649 3312 977 3390 appropinquationem,
999 3321 1115 3372 motum
1135 3312 1173 3371 od
1188 3312 1302 3370 locun

89 3414 235 3505 aliquem,
267 3413 504 3486 inchoationem,
534 3417 800 3486 exercitationem,
830 3417 1072 3494 perceptionem,
1094 3416 1266 3485 facultatem,

89 3516 300 3577 dexteritatem
322 3518 403 3577 aut
393 3520 565 3596 ingenium,
587 3538 617 3580 e
602 3539 665 3621 g.
1296 3518 1299 3525 ’

88 3639 214 3711 [noetio
234 3641 466 3709 ascribere
633 3645 789 3707 ,Discit
809 3645 954 3711 scrihere.

88 3743 134 3807 Se
148 3746 288 3824 adopero
301 3766 323 3805 a
338 3700 664 3830 dicepqalequcraru.
685 3751 799 3821 Nititur
819 3750 931 3832 aliquid
953 3750 1114 3828 singulare
1136 3749 1239 3811 dicere.
1298 3734 1302 3755 ¹

87 3846 313 3933 &deprende
332 3869 354 3913 a
374 3869 411 3911 ee
432 3851 565 3913 luctare.
684 3855 855 3913 Exercetur
875 3854 995 3918 luctari.

88 3949 145 4012 Nu
158 3970 193 4012 m
187 3952 327 4013 docimo
344 3953 436 4033 copel
447 3954 482 4014 lu
503 3975 524 4015 o
539 3957 664 4032 jecore.
685 3958 751 4016 Non
774 3958 946 4037 cogitamus
960 3957 1001 4017 ad
1021 3956 1137 4025 lusum.

91 4053 137 4116 Se
157 4075 297 4134 operette
318 4059 470 4134 efacere
487 4077 552 4138 que
583 4078 669 4123 eont-
689 4059 817 4137 Oportet
836 4061 939 4130 lacere
959 4079 1007 4133 ea,
1029 4081 1108 4149 quae
1131 4064 1239 4168 leges
1232 4079 1273 4120 uu·

124 4159 247 4223 manda
267 4159 341 4241 lepi'
349 4162 430 4224 le..
474 4208 478 4217 .
682 4173 881 4245 ·perant...
938 4224 942 4231 ,
975 4218 979 4225 .
