2746 4604
6 165 9 176 ’
130 201 264 260 κων

230 345 357 421 (Narrat
374 337 509 402 breviter
522 341 679 422 indignum
701 341 833 423 niodum,
850 340 1059 421 poe-tegerus
1074 325 1331 419 allego-Ungues

129 456 274 507 mactatus
296 446 354 506 luit
373 447 404 504 ln
425 445 624 505 castroKeve
639 444 797 514 detentus,
818 446 925 522 pastea
941 445 1097 516 sollicito
1117 441 1187 502 Heu
1203 439 1270 502 lieu
1288 444 1330 502 iill
1370 486 1371 490 ,

130 553 301 628 carissimo,
323 551 374 609 ubi
396 557 443 609 est
464 551 552 628 regia
572 550 743 619 clementia,
764 530 937 627 ubirellpio
953 544 1202 617 Christiana,ubi
1216 540 1330 624 specia-

129 657 170 715 lis
190 656 320 724 devotio,
342 671 432 734 quam
453 652 490 713 ad
512 672 568 714 nos
589 662 621 713 ct
633 650 802 714 Romanam
813 652 1184 730 Ecclesiam’praedioaris
1197 651 1330 712 hasmet

130 762 267 820 Mutatus
288 767 335 819 est
356 759 442 820 color
463 760 606 837 optimus,
626 767 658 817 et
678 775 785 817 aurum
800 757 832 815 in
845 754 977 816 icoria'm
992 766 1041 816 est
1054 761 1248 815 conversums
1260 750 1331 815 Par·

130 871 180 924 cat
199 860 295 942 igitur
315 860 363 921 eis
384 863 482 939 Deus,
504 860 556 938 qui
576 859 712 918 animum
725 869 809 920 tuum
824 858 918 936 pravo
931 861 1060 922 consilio
1076 858 1276 940 seduxerunt,
1284 879 1332 919 vo·

130 967 261 1038 lentibus
283 967 513 1044 interregnum
534 950 566 1023 ct
586 963 793 1024 sacerdotium
814 960 998 1031 discordiam
1020 966 1181 1026 semimre.
1204 959 1331 1024 monos

131 1089 187 1150 pro
208 1079 297 1131 certo«
315 1086 492 1147 speramus,
513 1067 593 1147 quod
614 1077 666 1128 aot
684 1084 741 1145 per
762 1073 792 1127 te
812 1066 994 1146 ipsom'jom
1015 1079 1119 1130 errata
1139 1064 1330 1148 correxeris,

130 1174 231 1236 autad
241 1174 436 1234 monitionem
452 1180 588 1233 nostram
602 1172 704 1232 taliter
715 1171 832 1232 debeas
845 1173 1017 1245 amandare,
1026 1168 1186 1248 ut‘injuria
1198 1182 1332 1235 transeat
1364 1190 1366 1197 ·

65 1273 87 1280 ”
131 1281 162 1339 in
184 1278 341 1346 honorem,
364 1285 395 1336 ct
415 1277 532 1336 offensa
553 1277 585 1335 ln
608 1277 739 1354 gratiam
760 1284 944 1336 revertatur.
966 1277 1118 1353 Quocirca
1135 1272 1331 1336 baronitatem

132 1383 261 1462 regiam,
282 1381 319 1441 de
341 1399 400 1458 qua
420 1381 508 1458 plane
529 1378 718 1450 modoinus,
739 1376 886 1460 rogamus
907 1383 1052 1441 attentius
1067 1391 1098 1440 et
1113 1382 1330 1451 monemus,in

131 1486 348 1546 remissionem
368 1483 424 1544 tibi
445 1489 639 1561 peecatorum
661 1480 873 1562 injungentes,
895 1494 1043 1562 quatenus
1065 1483 1208 1557 injuriam
1230 1480 1330 1547 ctrd·
1363 1512 1366 1517 ·

132 1582 201 1650 nali
210 1588 375 1666 praedicto,
384 1588 476 1647 immo
490 1586 596 1647 verius
607 1587 698 1647 nobis
717 1588 749 1647 in
770 1589 849 1665 ipso,
871 1587 941 1665 quin
957 1588 1057 1664 potius
1070 1587 1186 1646 illatam
1205 1586 1332 1645 Domino

133 1693 214 1753 Jesu
236 1692 359 1757 Christo
381 1693 411 1752 in
433 1690 540 1760 nobis,
560 1692 604 1751 ita
625 1701 749 1771 satagas
771 1692 912 1761 abolere,
939 1701 975 1750 ut
994 1697 1064 1749 nos·
1072 1690 1102 1748 in
1125 1689 1184 1752 hoc
1205 1688 1332 1750 devoto·

131 1779 205 1857 ¹mem
225 1805 307 1856 tuam
329 1795 464 1873 experiri
479 1796 646 1872 possimus,
668 1805 699 1855 et
711 1793 1331 1874 nonoogamurpropterhocaliudagerc,

19 1956 25 1973 ,
134 1896 213 1978 quod
234 1899 290 1959 tibi
310 1899 409 1976 possit
430 1916 502 1957 esse
528 1899 712 1968 molestuma
740 1901 810 1977 quia
839 1908 1100 1978 quantumcunque
1129 1898 1217 1957 nobis
1246 1898 1333 1957 mele·

134 2012 217 2063 stum
239 2003 387 2062 existeret
406 2010 436 2061 te
458 2003 489 2060 in
510 1999 612 2079 aliquo
633 2002 808 2072 molestare,
829 2021 888 2065 non
904 2021 1066 2082 possemus
1082 2011 1143 2062 tam
1157 2012 1332 2080 perversum

135 2106 307 2184 exemplum
328 2104 502 2184 relinquere
524 2105 748 2182 incorrectum,
777 2116 808 2166 et
827 2104 1019 2183 propositum
1047 2115 1185 2166 nostrum
1213 2110 1332 2166 auctore

135 2210 268 2269 Domino
288 2208 486 2269 nihilominus
508 2227 704 2288 exequemur.
725 2210 832 2270 Mitius
854 2212 946 2270 ctiam
962 2200 999 2271 ae
1012 2207 1174 2289 benignius
1192 2206 1248 2270 tibi
1260 2206 1332 2270 *scri-

136 2313 246 2384 bimus,
269 2331 358 2393 quam
379 2314 497 2373 instans
518 2314 647 2374 materia
667 2316 845 2393 postularet,
867 2317 976 2393 nequis
989 2316 1068 2374 iorte
1081 2314 1202 2374 litteras
1215 2323 1333 2373 nostros

136 2418 321 2495 inspiciens,
342 2419 518 2478 aestimaret
530 2419 716 2495 apostolicae
731 2417 814 2479 sedis
827 2420 966 2480 levorem
980 2419 1035 2479 tibi
1048 2437 1121 2478 asse
1133 2419 1333 2484 subtractum,

137 2508 359 2600 quodetilitati
380 2522 484 2599 utique
504 2539 542 2583 ae
562 2521 670 2582 honori
693 2532 745 2584 tuo
766 2524 940 2585 nullatenus
961 2520 1135 2600 expedirem
1158 2520 1233 2600 quia'
1246 2522 1334 2582 multa

137 2636 227 2704 gesta
248 2633 370 2685 suntet
390 2634 540 2703 geruntur
562 2626 593 2684 in
615 2643 711 2704 regno
732 2635 796 2696 tuo,
818 2645 895 2706 quae
910 2627 937 2687 si
946 2626 1212 2687 deducerenturad
1225 2623 1335 2690 limam,

138 2729 359 2791 correctionem
382 2738 582 2805 exposcerent
603 2724 795 2808 graviorem3
822 2749 888 2790 non·
912 2732 1011 2791 solum
1033 2732 1069 2791 de
1094 2739 1168 2790 voto
1194 2740 1265 2800 tuo,
1292 2745 1336 2787 ca·

137 2835 241 2913 ptioue
262 2833 409 2901 fraterna,
431 2841 462 2893 et
482 2831 682 2898 electionibus
704 2832 927 2905 Praelatorum,
949 2834 1003 2894 sed
1025 2836 1115 2894 etiam
1137 2833 1242 2893 multis
1261 2833 1336 2899 aliis,

140 2955 228 3016 quae,
238 2955 275 2995 no
292 2937 417 2996 nimium
431 2937 634 3004 conturberis,
646 2934 683 2996 ad
697 2948 843 3015 praesens
866 2938 1005 2998 duximus
1026 2932 1250 3016 supprimenda,
1267 2937 1339 2996 Pro·

138 3041 243 3101 videas
265 3058 342 3120 ergo
363 3040 430 3120 tibi,
452 3058 491 3099 ne
512 3041 544 3100 in
565 3057 632 3099 cana
651 3050 684 3101 te
705 3041 916 3102 difficultatem
936 3039 1071 3114 inducas,
1093 3043 1130 3102 de
1151 3056 1212 3120 qua
1227 3058 1287 3100 non
1299 3039 1339 3098 fa·

139 3146 197 3207 cilo
217 3145 322 3206 valcas
344 3143 492 3222 expediri,
1181 3163 1184 3167 ·

144 3270 154 3280 ⁸
240 3251 310 3326 lpse
330 3265 405 3308 vcro
426 3248 494 3309 Rex
514 3244 662 3327 quendam
683 3248 811 3316 militem
842 3263 910 3310 eum
934 3248 1052 3309 'littoris
1079 3249 1288 3308 excusatoriis
1309 3244 1343 3305 ad

139 3353 303 3413 Dominum
324 3353 437 3428 Papam
458 3351 589 3422 direxit,
611 3371 667 3430 per
689 3370 778 3431 quem
800 3353 829 3412 ei
842 3354 992 3414 Dominus
1009 3355 1093 3431 Papa
1111 3345 1279 3431 rescripsit
1289 3348 1344 3411 hoc

139 3454 240 3524 modo,
749 3450 752 3457 ¹
880 3459 885 3469 ’

145 3581 151 3590 ·
241 3554 359 3638 Regiae
380 3559 570 3619 celsitudinis
591 3559 712 3620 litteras
734 3579 813 3639 quas
826 3559 914 3620 nobis
930 3578 985 3639 per
996 3551 1139 3620 dilectum
1153 3560 1248 3618 lilium
1262 3559 1350 3622 noli·

141 3667 202 3728 tem
213 3665 313 3726 virum
320 3665 490 3728 &militem
504 3663 673 3732 destinasti,
685 3664 817 3743 benigne
830 3667 1010 3743 recepimus,
1026 3675 1057 3726 et
1070 3683 1146 3743 quae
1163 3662 1353 3742 significasti

141 3788 198 3850 per
207 3787 260 3829 eas
277 3768 448 3828 notavimus
462 3766 635 3847 diligenter.
648 3769 695 3829 lld
709 3769 925 3849 primumergo
937 3760 1100 3846 capitulum
1116 3768 1353 3845 respondemus,

142 3854 418 3954 quod...(Bespioit
437 3888 490 3931 res
512 3870 697 3950 hungaricae
719 3881 777 3931 non
800 3873 859 3931 leuc
880 3872 1090 3950 pertinentes.)
1111 3872 1160 3932 Ad
1180 3872 1355 3932 secundum

141 3997 216 4038 vero
239 3976 401 4056 capitulum
422 3976 641 4053 respondemus
664 3975 723 4036 hoc
744 3977 873 4038 modo...
896 3977 1044 4053 (Moleste
1067 3977 1198 4036 solorre
1213 3975 1354 4035 declarat

144 4081 382 4144 devastationem
403 4079 561 4152 serviae.)
581 4079 628 4138 nd
648 4080 773 4140 tertium
792 4099 867 4141 vcro
890 4082 1053 4159 capitulum
1065 4079 1289 4158 respondemus
1308 4089 1354 4139 ta·

100 4194 103 4201 ·
132 4188 219 4255 litor,
242 4184 386 4264 quoniam
409 4183 470 4245 etsi
491 4183 668 4262 scripseris,
690 4183 771 4266 quod
779 4185 938 4265 ,praelatus
951 4184 1148 4249 dolrauuitius
1159 4185 1278 4246 nullius
1290 4192 1350 4246 ter·
