2746 4604
116 223 199 279 xxti

118 364 276 444 Bulgnros
296 372 328 424 et
347 364 528 457 pastoritiae
548 362 673 424 duratos
689 364 770 435 vitae
790 362 957 435 laboribus,
977 370 1120 442 agrestes
1130 361 1262 441 juvenes
1280 363 1316 421 in·

118 470 213 530 certis
234 467 357 528 sedibus
378 448 489 547 vagos,
511 485 588 547 quos
610 468 778 528 communis
799 466 945 528 disiectus
958 467 1104 547 Blucbos
1123 484 1236 528 vocare
1251 482 1316 526 con·

71 612 75 617 -
115 560 244 632 suevit.”
266 554 431 632 Cinnamus
452 572 564 631 bellum
586 570 623 632 ab
639 573 803 632 Emcnuile
811 550 998 663 Imperatore
1013 589 1081 632 curn
1093 570 1253 650 Hungaris
1268 588 1316 649 go

16 748 28 767 b
115 685 197 736 stum
225 677 364 747 referens
391 675 449 735 ait:
476 676 540 749 „At
560 677 729 771 Imperator
750 694 790 735 ex
816 677 863 734 eis
892 668 952 735 rion
978 675 1095 735 modice
1125 675 1316 764 indignatus,

113 781 181 857 ipsc
202 780 344 856 iturum·
335 798 365 838 ιιι
387 778 578 858 Hungariam
599 799 724 840 movere
745 780 899 839 instituit:
916 788 1010 857 atque
1027 789 1060 839 ιιι
1080 780 1237 865 Romanae
1258 777 1316 837 ior·

113 882 250 942 titudinis
278 864 419 944 boschus
450 884 536 943 daret
564 892 778 962 argumentum
804 883 835 942 id
855 885 1047 961 potissimum
1069 858 1316 948 comminiscitur.

112 990 256 1049 Alesiam
278 988 409 1066 quidem,
431 989 481 1047 cui
502 987 703 1065 desponderat
723 989 835 1057 liliam,
857 1005 926 1047 curn
946 987 1051 1046 multis
1073 966 1186 1062 copiis,
1189 984 1316 1073 quibus

111 1091 241 1151 Alexius
262 1090 473 1165 Protostrator
494 1093 679 1168 praefuerat,
700 1109 810 1150 versus
831 1092 945 1150 istrum
965 1091 1060 1161 misit,
1083 1108 1141 1169 quo
1159 1067 1316 1167 Hungaris

17 1191 19 1195 ’
111 1195 215 1253 iuoum
236 1194 362 1263 iaceret,
385 1197 472 1272 quasi
494 1214 533 1255 ex
556 1196 711 1258 consuetis
732 1213 843 1254 rursus
864 1195 942 1258 locis
958 1196 988 1257 in
1004 1196 1217 1282 euszimpetnm
1233 1201 1316 1276 esset

110 1299 259 1357 lecturus.
279 1298 415 1362 Leonem
439 1309 539 1359 antem
550 1302 710 1360 Batatzem
726 1300 858 1368 nomino,
879 1284 998 1358 aliunde
1013 1277 1081 1356 curn
1098 1297 1237 1356 exercitu
1251 1315 1316 1378 per·

111 1400 181 1460 inde
203 1420 330 1480 magno,
353 1403 483 1467 maximo
504 1422 579 1496 vero
599 1403 798 1471 Bluoltorum
819 1404 935 1496 ingenti
956 1401 1163 1471 multitudine,
1185 1401 1238 1479 qui
1260 1403 1316 1463 lta·

111 1505 213 1566 lorum
234 1506 334 1571 coloni
356 1507 505 1585 quondam
525 1484 624 1567 luisse
645 1486 853 1602 perhibentur,
876 1525 915 1565 ex
936 1506 1120 1565 locisPonto
1138 1505 1258 1564 Euxiuo
1274 1505 1316 1566 ui·

109 1611 194 1669 cinis·
210 1612 408 1688 irruptionem
431 1612 462 1670 in
482 1610 675 1688 Hungsriarn
695 1594 798 1669 facere
815 1604 913 1683 jubet,
936 1627 995 1686 qus
1016 1617 1141 1684 exparte
1163 1625 1253 1665 nemo
1267 1606 1316 1666 ad

109 1712 169 1773 buc
189 1733 208 1774 a
228 1715 336 1791 primis
358 1716 490 1780 saeculis
512 1734 567 1774 eos
587 1717 752 1775 invaserat.
773 1713 902 1773 Alexins
923 1714 1025 1788 itaque
1053 1720 1084 1769 et
1105 1711 1184 1769 slius
1206 1715 1316 1770 Roma-

107 1833 217 1875 norum
240 1819 395 1876 exercitus
416 1835 485 1883 cum
506 1817 543 1875 ad
563 1818 677 1874 lstrum
697 1817 927 1892 pervenissent,
958 1825 1072 1874 metum
1093 1814 1252 1894 Hungaris
1272 1816 1311 1874 ia·

109 1937 191 1990 ecre,
214 1921 302 1999 qnasi
323 1921 466 1979 continuo
487 1919 556 1978 indo
577 1920 747 1988 traieetnri,
767 1921 913 1980 Batatzes
935 1928 1034 1978 autern
1052 1918 1089 1978 ab
1110 1920 1160 1988 iis,
1183 1936 1260 1995 quae
1272 1917 1309 1976 di·

107 2025 210 2084 ximus
233 2025 321 2095 locis,
343 2009 527 2111 irrumpens,
550 2025 652 2087 omnia
672 2022 889 2110 depopulatus,
912 2023 1000 2087 obvia
1022 2040 1158 2101 quaeque
1179 2032 1307 2099 proster-

108 2129 172 2205 nit,
195 2128 353 2209 hominurn
372 2129 527 2205 ingentem
549 2126 673 2187 eaedem
694 2127 771 2196 edit,
800 2145 857 2186 neo
877 2128 1037 2204 pauciores
1058 2128 1195 2203 captivos
1216 2127 1305 2211 ducit,

108 2231 146 2290 ad
166 2214 256 2292 baec*
273 2215 420 2309 pecorum
453 2249 681 2310 equorumque,
710 2240 742 2291 et
762 2231 892 2291 aliorum
912 2230 982 2294 inde
1003 2231 1178 2295 animalium
1199 2247 1304 2313 greges

107 2354 221 2415 agens,
242 2337 280 2396 ad
301 2339 523 2429 Imperatorem¹
540 2317 736 2401 innectitur?
756 2331 789 2408 *J

102 2545 478 2563 m

161 2709 190 2773 *l
208 2711 385 2767 Mentionem
401 2712 488 2797 buiusi
500 2711 639 2766 terribilis
653 2713 742 2766 cladis
760 2713 854 2765 iacere
871 2713 983 2767 videtur
1000 2713 1203 2778 waroczius,
1221 2713 1249 2766 in
1260 2726 1306 2765 sna

211 2800 364 2863 chronice,
382 2800 449 2854 licet
466 2815 528 2854 eom
544 2801 690 2868 prioribus
705 2802 836 2855 adstruat
853 2795 951 2864 annis,
970 2808 1105 2869 regnante
1122 2803 1233 2855 seilicet
1250 2804 1307 2854 Ste-

208 2872 302 2956 pirano
319 2890 587 2958 Meretrlolo,quum
603 2893 675 2943 baec
690 2890 744 2942 sub
761 2891 846 2943 tertio
863 2890 949 2942 buius
966 2891 1087 2942 nominis
1105 2893 1182 2958 Rege
1202 2889 1307 2942 aecide-

210 2977 264 3032 rit:
286 2979 351 3041 „lla
367 2979 402 3031 de
420 2993 507 3032 causa
523 2978 600 3031 ιιιιιιιι
606 2980 764 3046 imperator
774 2960 951 3031 endroitum
942 2978 1099 3044 mgentem
1091 2993 1120 3029 ιιι
1126 2979 1305 3051 Ηιιιιςιιιιιιιι,

209 3066 238 3117 in
257 3071 377 3155 licetque,
402 3074 432 3120 et
443 3067 572 3134 Hungari
591 3067 718 3152 aliquem
736 3067 870 3137 impetum
892 3069 985 3119 facere
1003 3081 1058 3119 non
1075 3073 1224 3135 poterant,
1248 3065 1307 3134 quia

208 3139 326 3208 Graeci
328 3148 378 3223 per
394 3154 509 3221 ingenia
526 3142 760 3206 inflammabadt'
752 3168 834 3220 ignes
855 3155 1053 3236 sulphureos
1045 3170 1074 3206 ιιι
1092 3169 1179 3206 naves
1197 3157 1307 3220 Hungu-

211 3258 324 3308 rorum,
349 3250 378 3296 et
402 3258 451 3296 eas
475 3244 504 3295 in
527 3243 597 3311 ipsis
615 3243 696 3310 aquis
713 3242 909 3294 incendebant.
935 3242 1018 3294 Misit
1033 3243 1128 3310 itaque
1151 3245 1213 3296 Rex
1231 3254 1308 3295 omne

210 3332 299 3384 robur
315 3331 396 3399 regni
412 3332 467 3399 sui,
485 3338 584 3385 contre
602 3332 745 3394 Graecos,
767 3331 869 3398 qulbus
885 3332 1022 3398 praefecit
1045 3331 1170 3398 Stephel.
1196 3332 1250 3397 Qui
1266 3320 1309 3383 v'e·

208 3419 321 3472 nientes
336 3425 499 3486 pugnarunt
515 3433 580 3471 cum
597 3418 717 3473 Graecls
739 3418 815 3473 ultra
837 3417 958 3470 rivulum
980 3421 1103 3484 Koraos,
1132 3435 1235 3473 versus
1257 3425 1309 3472 Bo-

211 3526 270 3561 ron.
287 3509 352 3560 Fuit
369 3523 469 3559 manns
485 3486 600 3560 Dor'nini
617 3521 681 3559 cum
710 3504 847 3571 Graecis,
869 3521 922 3558 nec
939 3511 1093 3572 potuerunt
1121 3508 1251 3574 ilungari
1267 3519 1310 3558 re·

210 3597 325 3650 sistere.
350 3599 439 3648 'l'anta
456 3610 525 3661 crgo
542 3601 657 3661 strages
674 3609 741 3647 raro
758 3595 834 3646 iacta
859 3601 918 3660 est,
937 3600 1040 3660 quanta
1056 3595 1095 3647 ibi
1113 3596 1242 3661 contigit.
1264 3594 1310 3646 lti-

211 3685 296 3735 vulus
311 3683 385 3734 enim
397 3689 522 3749 Kosara,
541 3684 662 3735 humano
680 3682 817 3748 sanguine
834 3682 863 3735 in
880 3688 988 3735 tantum
1001 3684 1105 3735 mixtus
1122 3685 1223 3747 luerat,
1238 3682 1309 3750 quod

210 3773 323 3826 omnino
340 3774 458 3841 sanguis
475 3787 542 3825 esse
557 3772 716 3840 putabatur.
734 3771 927 3839 iacebantquc
943 3772 1054 3839 loricati
1071 3773 1199 3825 homines
1214 3773 1241 3823 in
1259 3770 1309 3822 llu-

211 3862 268 3926 vio,
285 3868 417 3929 tanquam
433 3863 540 3925 trunci,
558 3875 646 3927 super
663 3860 764 3928 quibus
779 3858 921 3926 fugientes
938 3866 967 3912 et
983 3867 1201 3929 persequentes,
1218 3867 1309 3912 trans·

209 3951 288 4021 ibant
304 3951 434 4012 rivulum,
452 3950 533 4018 quasi
549 3963 637 4016 super
653 3955 748 4015 ponte.
764 3947 962 4001 mactabantur
978 3956 1070 4002 autem
1087 3949 1233 4015 nungenti,
1252 3954 1309 3998 tan·

211 4054 295 4107 quarn
311 4039 416 4102 boves;
441 4045 586 4099 necerat,
610 4037 658 4104 qui
675 4037 827 4091 redimeret
847 4052 898 4090 eos
921 4038 956 4090 dc
979 4038 1109 4091 manibus
1127 4039 1316 4090 Graecorum.

208 4123 263 4181 'cis
279 4118 457 4180 verocomes
475 4133 503 4179 et
520 4126 568 4178 alii
585 4125 650 4178 boni
664 4125 768 4177 milites
781 4125 882 4180 ibidem
890 4126 1222 4195 occubuerunt.rtwrooa
1229 4127 1316 4177 σινι-

200 4221 269 4268 arca
284 4222 486 4279 annosorum,
504 4221 585 4269 Parte
602 4218 636 4270 Π.
655 4217 719 4277 coa.
730 4218 780 4269 63⁴·
