<?xml version="1.0" encoding="UTF-8"?>
<!DOCTYPE html PUBLIC "-//W3C//DTD XHTML 1.0 Transitional//EN"
    "http://www.w3.org/TR/xhtml1/DTD/xhtml1-transitional.dtd">
<html xmlns="http://www.w3.org/1999/xhtml" xml:lang="en" lang="en">
 <head>
  <title>
</title>
<meta http-equiv="Content-Type" content="text/html;charset=utf-8" />
  <meta name='ocr-system' content='tesseract 3.04.00' />
  <meta name='ocr-capabilities' content='ocr_page ocr_carea ocr_par ocr_line ocrx_word'/>
</head>
<body>
  <div class='ocr_page' id='page_1' title='image "./tentamencriticu00laurgoog_0368.png"; bbox 0 0 2746 4604; ppageno 0'>
   <div class='ocr_carea' id='block_1_1' title="bbox 494 190 1294 269">
    <p class='ocr_par' dir='ltr' id='par_1_1' title="bbox 494 190 1294 269">
     <span class='ocr_line' id='line_1_1' title="bbox 494 190 1294 269; baseline -0.004 -19"><span class='ocrx_word' id='word_1_1' title='bbox 494 193 638 269; x_wconf 71' lang='lat' dir='ltr'><strong>syntaxis</strong></span> <span class='ocrx_word' id='word_1_2' title='bbox 659 192 889 261; x_wconf 79' lang='lat' dir='ltr'><strong>Adverbicrum.</strong></span> <span class='ocrx_word' id='word_1_3' title='bbox 1232 190 1294 255; x_wconf 72' lang='lat'><strong>277</strong></span> 
     </span>
    </p>
   </div>
   <div class='ocr_carea' id='block_1_2' title="bbox 94 338 1275 486">
    <p class='ocr_par' dir='ltr' id='par_1_2' title="bbox 94 338 1275 486">
     <span class='ocr_line' id='line_1_2' title="bbox 94 338 1275 406; baseline -0.006 -9"><span class='ocrx_word' id='word_1_4' title='bbox 94 348 133 397; x_wconf 72' lang='lat' dir='ltr'><strong>Se</strong></span> <span class='ocrx_word' id='word_1_5' title='bbox 152 359 269 397; x_wconf 79' lang='lat' dir='ltr'><strong>concerto</strong></span> <span class='ocrx_word' id='word_1_6' title='bbox 286 361 317 396; x_wconf 76' lang='lat' dir='ltr'><strong>so</strong></span> <span class='ocrx_word' id='word_1_7' title='bbox 335 345 456 396; x_wconf 72' lang='lat' dir='ltr'><strong>raccolte</strong></span> <span class='ocrx_word' id='word_1_8' title='bbox 471 338 562 401; x_wconf 75' lang='lat' dir='ltr'><strong>tttt’tt</strong></span> <span class='ocrx_word' id='word_1_9' title='bbox 579 347 616 395; x_wconf 84' lang='lat' dir='ltr'><strong>de</strong></span> <span class='ocrx_word' id='word_1_10' title='bbox 629 359 678 403; x_wconf 57' lang='lat' dir='ltr'><strong>neq</strong></span> <span class='ocrx_word' id='word_1_11' title='bbox 701 341 852 406; x_wconf 81' lang='lat' dir='ltr'><strong>Convenit,</strong></span> <span class='ocrx_word' id='word_1_12' title='bbox 877 346 909 392; x_wconf 83' lang='lat' dir='ltr'><strong>ut</strong></span> <span class='ocrx_word' id='word_1_13' title='bbox 933 338 1063 392; x_wconf 76' lang='lat' dir='ltr'><strong>obediant</strong></span> <span class='ocrx_word' id='word_1_14' title='bbox 1086 338 1133 389; x_wconf 81' lang='lat' dir='ltr'><strong>ulit</strong></span> <span class='ocrx_word' id='word_1_15' title='bbox 1152 340 1275 405; x_wconf 81' lang='lat' dir='ltr'><strong>parenti·</strong></span> 
     </span>
     <span class='ocr_line' id='line_1_3' title="bbox 128 429 791 486; baseline -0.005 -3"><span class='ocrx_word' id='word_1_16' title='bbox 128 437 208 486; x_wconf 80' lang='lat' dir='ltr'><strong>renti.</strong></span> <span class='ocrx_word' id='word_1_17' title='bbox 624 468 628 475; x_wconf 83' lang='grc'><strong>-</strong></span> <span class='ocrx_word' id='word_1_18' title='bbox 712 429 791 482; x_wconf 75' lang='lat' dir='ltr'><strong>itus.</strong></span> 
     </span>
    </p>
   </div>
   <div class='ocr_carea' id='block_1_3' title="bbox 94 565 1294 856">
    <p class='ocr_par' dir='ltr' id='par_1_3' title="bbox 94 565 1294 856">
     <span class='ocr_line' id='line_1_4' title="bbox 193 565 1294 653; baseline -0.009 -19"><span class='ocrx_word' id='word_1_19' title='bbox 193 567 229 653; x_wconf 79' lang='lat'><strong>3]</strong></span> <span class='ocrx_word' id='word_1_20' title='bbox 252 570 358 630; x_wconf 84' lang='lat' dir='ltr'><strong>Verba</strong></span> <span class='ocrx_word' id='word_1_21' title='bbox 379 569 591 647; x_wconf 75' lang='lat' dir='ltr'><strong>impersonalis</strong></span> <span class='ocrx_word' id='word_1_22' title='bbox 606 569 643 628; x_wconf 80' lang='lat' dir='ltr'><strong>ad</strong></span> <span class='ocrx_word' id='word_1_23' title='bbox 657 569 831 629; x_wconf 77' lang='lat' dir='ltr'><strong>Accusativi</strong></span> <span class='ocrx_word' id='word_1_24' title='bbox 845 586 935 626; x_wconf 87' lang='lat' dir='ltr'><strong>casus</strong></span> <span class='ocrx_word' id='word_1_25' title='bbox 956 585 1104 644; x_wconf 74' lang='lat' dir='ltr'><strong>perennes</strong></span> <span class='ocrx_word' id='word_1_26' title='bbox 1126 565 1294 643; x_wconf 75' lang='lat' dir='ltr'><strong>reciproca,</strong></span> 
     </span>
     <span class='ocr_line' id='line_1_5' title="bbox 94 669 1291 752; baseline -0.005 -17"><span class='ocrx_word' id='word_1_27' title='bbox 94 677 142 735; x_wconf 83' lang='lat' dir='ltr'><strong>vei</strong></span> <span class='ocrx_word' id='word_1_28' title='bbox 162 676 263 752; x_wconf 81' lang='lat' dir='ltr'><strong>potius</strong></span> <span class='ocrx_word' id='word_1_29' title='bbox 285 675 322 734; x_wconf 84' lang='lat' dir='ltr'><strong>ed</strong></span> <span class='ocrx_word' id='word_1_30' title='bbox 343 671 560 733; x_wconf 69' lang='lat' dir='ltr'><strong>Bronominum</strong></span> <span class='ocrx_word' id='word_1_31' title='bbox 581 673 786 751; x_wconf 79' lang='lat' dir='ltr'><strong>personalium</strong></span> <span class='ocrx_word' id='word_1_32' title='bbox 806 672 1022 733; x_wconf 77' lang='lat' dir='ltr'><strong>Accusativum</strong></span> <span class='ocrx_word' id='word_1_33' title='bbox 1050 688 1155 730; x_wconf 82' lang='lat' dir='ltr'><strong>cesum</strong></span> <span class='ocrx_word' id='word_1_34' title='bbox 1178 669 1291 738; x_wconf 77' lang='lat' dir='ltr'><strong>relate,</strong></span> 
     </span>
     <span class='ocr_line' id='line_1_6' title="bbox 94 760 909 856; baseline -0.001 -18"><span class='ocrx_word' id='word_1_35' title='bbox 94 780 270 856; x_wconf 76' lang='lat' dir='ltr'><strong>plerumque</strong></span> <span class='ocrx_word' id='word_1_36' title='bbox 291 760 515 837; x_wconf 82' lang='lat' dir='ltr'><strong>Nominativum</strong></span> <span class='ocrx_word' id='word_1_37' title='bbox 540 779 649 837; x_wconf 87' lang='lat' dir='ltr'><strong>obiecti</strong></span> <span class='ocrx_word' id='word_1_38' title='bbox 670 785 807 854; x_wconf 87' lang='lat' dir='ltr'><strong>poscunt,</strong></span> <span class='ocrx_word' id='word_1_39' title='bbox 830 795 856 836; x_wconf 88' lang='lat' dir='ltr'><strong>e.</strong></span> <span class='ocrx_word' id='word_1_40' title='bbox 877 796 909 854; x_wconf 83' lang='lat' dir='ltr'><strong>g.</strong></span> 
     </span>
    </p>
   </div>
   <div class='ocr_carea' id='block_1_4' title="bbox 90 883 1275 1289">
    <p class='ocr_par' dir='ltr' id='par_1_4' title="bbox 92 883 1013 981">
     <span class='ocr_line' id='line_1_7' title="bbox 92 883 1013 981; baseline -0.001 -17"><span class='ocrx_word' id='word_1_41' title='bbox 92 900 149 964; x_wconf 85' lang='lat' dir='ltr'><strong>Mc</strong></span> <span class='ocrx_word' id='word_1_42' title='bbox 168 920 284 963; x_wconf 83' lang='lat' dir='ltr'><strong>manca</strong></span> <span class='ocrx_word' id='word_1_43' title='bbox 301 901 450 981; x_wconf 80' lang='lat' dir='ltr'><strong>pelle&#39;lo.</strong></span> <span class='ocrx_word' id='word_1_44' title='bbox 481 950 484 956; x_wconf 89' lang='lat'>.</span> <span class='ocrx_word' id='word_1_45' title='bbox 534 883 537 888; x_wconf 33' lang='lat'>⁵</span> <span class='ocrx_word' id='word_1_46' title='bbox 692 903 797 961; x_wconf 89' lang='lat' dir='ltr'><strong>Prurit</strong></span> <span class='ocrx_word' id='word_1_47' title='bbox 818 901 893 960; x_wconf 89' lang='lat' dir='ltr'><strong>mihi</strong></span> <span class='ocrx_word' id='word_1_48' title='bbox 913 902 1013 978; x_wconf 89' lang='lat' dir='ltr'><strong>pellis.</strong></span> 
     </span>
    </p>

    <p class='ocr_par' dir='ltr' id='par_1_5' title="bbox 92 1003 971 1093">
     <span class='ocr_line' id='line_1_8' title="bbox 92 1003 971 1093; baseline 0.007 -31"><span class='ocrx_word' id='word_1_49' title='bbox 92 1003 149 1063; x_wconf 83' lang='lat' dir='ltr'><strong>Lu</strong></span> <span class='ocrx_word' id='word_1_50' title='bbox 169 1004 240 1064; x_wconf 84' lang='lat' dir='ltr'><strong>dole</strong></span> <span class='ocrx_word' id='word_1_51' title='bbox 260 1005 404 1084; x_wconf 81' lang='lat' dir='ltr'><strong>oopu’lu.</strong></span> <span class='ocrx_word' id='word_1_52' title='bbox 691 1006 784 1093; x_wconf 80' lang='lat' dir='ltr'><strong>Dolet</strong></span> <span class='ocrx_word' id='word_1_53' title='bbox 804 1005 849 1064; x_wconf 88' lang='lat' dir='ltr'><strong>illi</strong></span> <span class='ocrx_word' id='word_1_54' title='bbox 871 1015 971 1081; x_wconf 81' lang='lat' dir='ltr'><strong>eaput.</strong></span> 
     </span>
    </p>

    <p class='ocr_par' dir='ltr' id='par_1_6' title="bbox 90 1106 1275 1289">
     <span class='ocr_line' id='line_1_9' title="bbox 91 1106 1275 1187; baseline -0.003 -21"><span class='ocrx_word' id='word_1_55' title='bbox 91 1106 148 1166; x_wconf 87' lang='lat' dir='ltr'><strong>Me</strong></span> <span class='ocrx_word' id='word_1_56' title='bbox 168 1110 291 1184; x_wconf 75' lang='lat' dir='ltr'><strong>etrinpe</strong></span> <span class='ocrx_word' id='word_1_57' title='bbox 312 1107 499 1170; x_wconf 78' lang='lat' dir='ltr'><strong>corelio’lo.</strong></span> <span class='ocrx_word' id='word_1_58' title='bbox 693 1110 826 1187; x_wconf 77' lang='lat' dir='ltr'><strong>Stringit</strong></span> <span class='ocrx_word' id='word_1_59' title='bbox 847 1127 895 1168; x_wconf 90' lang='lat' dir='ltr'><strong>me</strong></span> <span class='ocrx_word' id='word_1_60' title='bbox 917 1108 1033 1168; x_wconf 82' lang='lat' dir='ltr'><strong>corium</strong></span> <span class='ocrx_word' id='word_1_61' title='bbox 1052 1106 1194 1186; x_wconf 76' lang='lat' dir='ltr'><strong>(lorum).</strong></span> <span class='ocrx_word' id='word_1_62' title='bbox 1271 1169 1275 1185; x_wconf 85' lang='lat'><strong>-.</strong></span> 
     </span>
     <span class='ocr_line' id='line_1_10' title="bbox 90 1208 1020 1289; baseline 0.004 -20"><span class='ocrx_word' id='word_1_63' title='bbox 90 1208 145 1269; x_wconf 77' lang='lat' dir='ltr'><strong>La</strong></span> <span class='ocrx_word' id='word_1_64' title='bbox 165 1212 243 1270; x_wconf 84' lang='lat' dir='ltr'><strong>rode</strong></span> <span class='ocrx_word' id='word_1_65' title='bbox 260 1211 423 1289; x_wconf 82' lang='lat' dir='ltr'><strong>petiolicu’</strong></span> <span class='ocrx_word' id='word_1_66' title='bbox 432 1212 476 1273; x_wconf 85' lang='lat' dir='ltr'><strong>lu.</strong></span> <span class='ocrx_word' id='word_1_67' title='bbox 691 1215 794 1273; x_wconf 77' lang='lat' dir='ltr'><strong>FrIcat</strong></span> <span class='ocrx_word' id='word_1_68' title='bbox 816 1232 887 1272; x_wconf 76' lang='lat' dir='ltr'><strong>eam</strong></span> <span class='ocrx_word' id='word_1_69' title='bbox 905 1213 1020 1274; x_wconf 83' lang='lat' dir='ltr'><strong>tihiele.</strong></span> 
     </span>
    </p>
   </div>
   <div class='ocr_carea' id='block_1_5' title="bbox 91 1360 1297 1545">
    <p class='ocr_par' dir='ltr' id='par_1_7' title="bbox 91 1360 1297 1545">
     <span class='ocr_line' id='line_1_11' title="bbox 192 1360 1297 1442; baseline -0.005 -16"><span class='ocrx_word' id='word_1_70' title='bbox 192 1360 222 1426; x_wconf 74' lang='lat' dir='ltr'><strong>lt·</strong></span> <span class='ocrx_word' id='word_1_71' title='bbox 250 1364 354 1423; x_wconf 81' lang='lat' dir='ltr'><strong>Verba</strong></span> <span class='ocrx_word' id='word_1_72' title='bbox 375 1365 592 1440; x_wconf 80' lang='lat' dir='ltr'><strong>impersonalia</strong></span> <span class='ocrx_word' id='word_1_73' title='bbox 613 1364 649 1423; x_wconf 85' lang='lat' dir='ltr'><strong>ad</strong></span> <span class='ocrx_word' id='word_1_74' title='bbox 670 1365 773 1423; x_wconf 75' lang='lat' dir='ltr'><strong>Datioi</strong></span> <span class='ocrx_word' id='word_1_75' title='bbox 796 1383 944 1442; x_wconf 81' lang='lat' dir='ltr'><strong>personas</strong></span> <span class='ocrx_word' id='word_1_76' title='bbox 966 1364 1141 1439; x_wconf 84' lang='lat' dir='ltr'><strong>reciproce,</strong></span> <span class='ocrx_word' id='word_1_77' title='bbox 1172 1365 1225 1422; x_wconf 82' lang='lat' dir='ltr'><strong>uel‘</strong></span> <span class='ocrx_word' id='word_1_78' title='bbox 1242 1381 1297 1438; x_wconf 83' lang='lat' dir='ltr'><strong>po·</strong></span> 
     </span>
     <span class='ocr_line' id='line_1_12' title="bbox 91 1466 964 1545; baseline 0.003 -21"><span class='ocrx_word' id='word_1_79' title='bbox 91 1466 153 1524; x_wconf 87' lang='lat' dir='ltr'><strong>tius</strong></span> <span class='ocrx_word' id='word_1_80' title='bbox 171 1466 207 1524; x_wconf 88' lang='lat' dir='ltr'><strong>ad</strong></span> <span class='ocrx_word' id='word_1_81' title='bbox 222 1467 438 1526; x_wconf 83' lang='lat' dir='ltr'><strong>Pronominum</strong></span> <span class='ocrx_word' id='word_1_82' title='bbox 459 1469 665 1545; x_wconf 79' lang='lat' dir='ltr'><strong>personalium</strong></span> <span class='ocrx_word' id='word_1_83' title='bbox 685 1470 829 1528; x_wconf 84' lang='lat' dir='ltr'><strong>Detivum</strong></span> <span class='ocrx_word' id='word_1_84' title='bbox 852 1469 964 1536; x_wconf 77' lang='lat' dir='ltr'><strong>relata,</strong></span> 
     </span>
    </p>
   </div>
   <div class='ocr_carea' id='block_1_6' title="bbox 234 1585 811 1677">
    <p class='ocr_par' dir='ltr' id='par_1_8' title="bbox 234 1585 811 1677">
     <span class='ocr_line' id='line_1_13' title="bbox 234 1585 811 1677; baseline 0.01 -27"><span class='ocrx_word' id='word_1_85' title='bbox 234 1585 281 1677; x_wconf 82' lang='lat' dir='ltr'><strong>a)</strong></span> <span class='ocrx_word' id='word_1_86' title='bbox 303 1602 356 1651; x_wconf 82' lang='lat' dir='ltr'><strong>eut</strong></span> <span class='ocrx_word' id='word_1_87' title='bbox 375 1594 511 1652; x_wconf 84' lang='lat' dir='ltr'><strong>absolute</strong></span> <span class='ocrx_word' id='word_1_88' title='bbox 533 1602 710 1665; x_wconf 87' lang='lat' dir='ltr'><strong>occurrunt,</strong></span> <span class='ocrx_word' id='word_1_89' title='bbox 731 1613 758 1654; x_wconf 86' lang='lat' dir='ltr'><strong>e.</strong></span> <span class='ocrx_word' id='word_1_90' title='bbox 779 1613 811 1672; x_wconf 82' lang='lat' dir='ltr'><strong>g.</strong></span> 
     </span>
    </p>
   </div>
   <div class='ocr_carea' id='block_1_7' title="bbox 90 1712 1244 2003">
    <p class='ocr_par' dir='ltr' id='par_1_9' title="bbox 90 1712 1244 2003">
     <span class='ocr_line' id='line_1_14' title="bbox 91 1712 1171 1798; baseline 0 -24"><span class='ocrx_word' id='word_1_91' title='bbox 91 1712 149 1774; x_wconf 83' lang='lat' dir='ltr'><strong>Nu</strong></span> <span class='ocrx_word' id='word_1_92' title='bbox 169 1717 213 1776; x_wconf 80' lang='lat' dir='ltr'><strong>mi</strong></span> <span class='ocrx_word' id='word_1_93' title='bbox 230 1734 311 1796; x_wconf 83' lang='lat' dir='ltr'><strong>pera</strong></span> <span class='ocrx_word' id='word_1_94' title='bbox 331 1716 371 1777; x_wconf 81' lang='lat' dir='ltr'><strong>de</strong></span> <span class='ocrx_word' id='word_1_95' title='bbox 390 1723 462 1777; x_wconf 86' lang='lat' dir='ltr'><strong>tene</strong></span> <span class='ocrx_word' id='word_1_96' title='bbox 481 1722 553 1777; x_wconf 80' lang='lat' dir='ltr'><strong>neci</strong></span> <span class='ocrx_word' id='word_1_97' title='bbox 565 1737 671 1798; x_wconf 79' lang='lat' dir='ltr'><strong>quan·</strong></span> <span class='ocrx_word' id='word_1_98' title='bbox 689 1719 855 1796; x_wconf 84' lang='lat' dir='ltr'><strong>Nequidem</strong></span> <span class='ocrx_word' id='word_1_99' title='bbox 877 1719 967 1779; x_wconf 88' lang='lat' dir='ltr'><strong>flocci</strong></span> <span class='ocrx_word' id='word_1_100' title='bbox 988 1725 1017 1777; x_wconf 88' lang='lat' dir='ltr'><strong>te</strong></span> <span class='ocrx_word' id='word_1_101' title='bbox 1039 1717 1171 1795; x_wconf 71' lang='lat' dir='ltr'><strong>pendeo..</strong></span> 
     </span>
     <span class='ocr_line' id='line_1_15' title="bbox 136 1822 580 1900; baseline 0.009 -22"><span class='ocrx_word' id='word_1_102' title='bbox 136 1824 171 1879; x_wconf 80' lang='lat' dir='ltr'><strong>to</strong></span> <span class='ocrx_word' id='word_1_103' title='bbox 191 1839 211 1879; x_wconf 86' lang='lat' dir='ltr'><strong>e</strong></span> <span class='ocrx_word' id='word_1_104' title='bbox 230 1837 334 1896; x_wconf 65' lang='lat' dir='ltr'><strong>neam</strong></span> <span class='ocrx_word' id='word_1_105' title='bbox 353 1826 451 1900; x_wconf 81' lang='lat' dir='ltr'><strong>coptu</strong></span> <span class='ocrx_word' id='word_1_106' title='bbox 471 1822 580 1898; x_wconf 66' lang='grc' dir='ltr'><strong><em>κηρία.</em></strong></span> 
     </span>
     <span class='ocr_line' id='line_1_16' title="bbox 90 1919 1244 2003; baseline 0.002 -21"><span class='ocrx_word' id='word_1_107' title='bbox 90 1920 148 1982; x_wconf 84' lang='lat' dir='ltr'><strong>Nu</strong></span> <span class='ocrx_word' id='word_1_108' title='bbox 169 1920 306 2002; x_wconf 60' lang='lat' dir='ltr'><strong>li‘place</strong></span> <span class='ocrx_word' id='word_1_109' title='bbox 327 1919 432 1984; x_wconf 76' lang='lat' dir='ltr'><strong>cinci.</strong></span> <span class='ocrx_word' id='word_1_110' title='bbox 502 1990 504 1994; x_wconf 52' lang='grc'><strong>,</strong></span> <span class='ocrx_word' id='word_1_111' title='bbox 689 1927 755 1986; x_wconf 86' lang='lat' dir='ltr'><strong>Non</strong></span> <span class='ocrx_word' id='word_1_112' title='bbox 777 1927 878 2003; x_wconf 78' lang='lat' dir='ltr'><strong>placet</strong></span> <span class='ocrx_word' id='word_1_113' title='bbox 898 1926 944 1984; x_wconf 87' lang='lat' dir='ltr'><strong>illi</strong></span> <span class='ocrx_word' id='word_1_114' title='bbox 966 1925 1047 2003; x_wconf 70' lang='lat' dir='ltr'><strong>apuri</strong></span> <span class='ocrx_word' id='word_1_115' title='bbox 1063 1944 1131 1986; x_wconf 88' lang='lat' dir='ltr'><strong>nos.</strong></span> <span class='ocrx_word' id='word_1_116' title='bbox 1241 1952 1244 1957; x_wconf 96' lang='lat'>·</span> 
     </span>
    </p>
   </div>
   <div class='ocr_carea' id='block_1_8' title="bbox 236 2063 1090 2155">
    <p class='ocr_par' dir='ltr' id='par_1_10' title="bbox 236 2063 1090 2155">
     <span class='ocr_line' id='line_1_17' title="bbox 236 2063 1090 2155; baseline 0.002 -29"><span class='ocrx_word' id='word_1_117' title='bbox 236 2063 278 2155; x_wconf 80' lang='lat' dir='ltr'><strong>b)</strong></span> <span class='ocrx_word' id='word_1_118' title='bbox 295 2078 352 2127; x_wconf 60' lang='lat' dir='ltr'><strong>‘aut</strong></span> <span class='ocrx_word' id='word_1_119' title='bbox 373 2087 440 2128; x_wconf 90' lang='lat' dir='ltr'><strong>cum</strong></span> <span class='ocrx_word' id='word_1_120' title='bbox 461 2070 654 2130; x_wconf 77' lang='lat' dir='ltr'><strong>NominatIvo</strong></span> <span class='ocrx_word' id='word_1_121' title='bbox 667 2070 785 2131; x_wconf 83' lang='lat' dir='ltr'><strong>Obiecti</strong></span> <span class='ocrx_word' id='word_1_122' title='bbox 801 2069 987 2150; x_wconf 78' lang='lat' dir='ltr'><strong>junguntur,</strong></span> <span class='ocrx_word' id='word_1_123' title='bbox 1009 2089 1038 2130; x_wconf 85' lang='lat' dir='ltr'><strong>e.</strong></span> <span class='ocrx_word' id='word_1_124' title='bbox 1057 2090 1090 2148; x_wconf 74' lang='lat' dir='ltr'><strong>g.</strong></span> 
     </span>
    </p>
   </div>
   <div class='ocr_carea' id='block_1_9' title="bbox 90 2192 1296 2465">
    <p class='ocr_par' dir='ltr' id='par_1_11' title="bbox 90 2192 1296 2465">
     <span class='ocr_line' id='line_1_18' title="bbox 90 2192 1296 2280; baseline 0.001 -26"><span class='ocrx_word' id='word_1_125' title='bbox 90 2192 136 2254; x_wconf 81' lang='lat' dir='ltr'><strong>Li</strong></span> <span class='ocrx_word' id='word_1_126' title='bbox 158 2213 270 2253; x_wconf 65' lang='lat' dir='ltr'><strong>cresce</strong></span> <span class='ocrx_word' id='word_1_127' title='bbox 289 2193 451 2254; x_wconf 74' lang='lat' dir='ltr'><strong>aciioo’to</strong></span> <span class='ocrx_word' id='word_1_128' title='bbox 470 2195 670 2280; x_wconf 69' lang='lat' dir='ltr'><strong>cedendis-te.</strong></span> <span class='ocrx_word' id='word_1_129' title='bbox 694 2197 814 2256; x_wconf 77' lang='lat' dir='ltr'><strong>crescit</strong></span> <span class='ocrx_word' id='word_1_130' title='bbox 826 2198 855 2255; x_wconf 90' lang='lat' dir='ltr'><strong>ei</strong></span> <span class='ocrx_word' id='word_1_131' title='bbox 870 2214 931 2256; x_wconf 88' lang='lat' dir='ltr'><strong>cor</strong></span> <span class='ocrx_word' id='word_1_132' title='bbox 939 2213 1012 2270; x_wconf 83' lang='lat' dir='ltr'><strong>prae</strong></span> <span class='ocrx_word' id='word_1_133' title='bbox 1020 2194 1113 2253; x_wconf 81' lang='lat' dir='ltr'><strong>leetie</strong></span> <span class='ocrx_word' id='word_1_134' title='bbox 1123 2194 1236 2253; x_wconf 85' lang='lat' dir='ltr'><strong>videnti</strong></span> <span class='ocrx_word' id='word_1_135' title='bbox 1251 2204 1296 2255; x_wconf 71' lang='lat' dir='ltr'><strong>te.</strong></span> 
     </span>
     <span class='ocr_line' id='line_1_19' title="bbox 90 2296 1291 2360; baseline -0.002 0"><span class='ocrx_word' id='word_1_136' title='bbox 90 2296 142 2360; x_wconf 84' lang='lat' dir='ltr'><strong>Mi</strong></span> <span class='ocrx_word' id='word_1_137' title='bbox 163 2317 240 2356; x_wconf 81' lang='lat' dir='ltr'><strong>vene</strong></span> <span class='ocrx_word' id='word_1_138' title='bbox 261 2301 296 2357; x_wconf 84' lang='lat' dir='ltr'><strong>in</strong></span> <span class='ocrx_word' id='word_1_139' title='bbox 316 2303 418 2358; x_wconf 69' lang='lat' dir='ltr'><strong>scente</strong></span> <span class='ocrx_word' id='word_1_140' title='bbox 439 2317 508 2359; x_wconf 82' lang='lat' dir='ltr'><strong>unu</strong></span> <span class='ocrx_word' id='word_1_141' title='bbox 530 2298 672 2359; x_wconf 80' lang='lat' dir='ltr'><strong>lucrode</strong></span> <span class='ocrx_word' id='word_1_142' title='bbox 692 2299 800 2357; x_wconf 80' lang='lat' dir='ltr'><strong>Incidit</strong></span> <span class='ocrx_word' id='word_1_143' title='bbox 814 2298 887 2356; x_wconf 90' lang='lat' dir='ltr'><strong>mihi</strong></span> <span class='ocrx_word' id='word_1_144' title='bbox 902 2298 932 2355; x_wconf 90' lang='lat' dir='ltr'><strong>in</strong></span> <span class='ocrx_word' id='word_1_145' title='bbox 948 2308 1084 2356; x_wconf 84' lang='lat' dir='ltr'><strong>mentem</strong></span> <span class='ocrx_word' id='word_1_146' title='bbox 1097 2316 1149 2356; x_wconf 85' lang='lat' dir='ltr'><strong>res</strong></span> <span class='ocrx_word' id='word_1_147' title='bbox 1169 2299 1291 2359; x_wconf 86' lang='lat' dir='ltr'><strong>omnino</strong></span> 
     </span>
     <span class='ocr_line' id='line_1_20' title="bbox 133 2399 1066 2465; baseline 0 -5"><span class='ocrx_word' id='word_1_148' title='bbox 133 2406 200 2461; x_wconf 78' lang='lat' dir='ltr'><strong>totu</strong></span> <span class='ocrx_word' id='word_1_149' title='bbox 221 2403 468 2463; x_wconf 80' lang='lat' dir='ltr'><strong>eetaordinoriu.</strong></span> <span class='ocrx_word' id='word_1_150' title='bbox 732 2402 985 2465; x_wconf 79' lang='lat' dir='ltr'><strong>extraordinaria.</strong></span> <span class='ocrx_word' id='word_1_151' title='bbox 1065 2399 1066 2402; x_wconf 66' lang='grc'>’</span> 
     </span>
    </p>
   </div>
   <div class='ocr_carea' id='block_1_10' title="bbox 90 2550 1290 2881">
    <p class='ocr_par' dir='ltr' id='par_1_12' title="bbox 90 2550 1290 2881">
     <span class='ocr_line' id='line_1_21' title="bbox 192 2550 1290 2619; baseline -0.004 -15"><span class='ocrx_word' id='word_1_152' title='bbox 192 2553 273 2605; x_wconf 79' lang='lat' dir='ltr'><strong>Nota.</strong></span> <span class='ocrx_word' id='word_1_153' title='bbox 296 2551 351 2604; x_wconf 85' lang='lat' dir='ltr'><strong>Hic</strong></span> <span class='ocrx_word' id='word_1_154' title='bbox 373 2551 524 2619; x_wconf 80' lang='lat' dir='ltr'><strong>praecipue</strong></span> <span class='ocrx_word' id='word_1_155' title='bbox 546 2553 636 2606; x_wconf 79' lang='lat' dir='ltr'><strong>notari</strong></span> <span class='ocrx_word' id='word_1_156' title='bbox 660 2559 806 2606; x_wconf 86' lang='lat' dir='ltr'><strong>merentur</strong></span> <span class='ocrx_word' id='word_1_157' title='bbox 832 2552 979 2619; x_wconf 83' lang='lat' dir='ltr'><strong>reciproca</strong></span> <span class='ocrx_word' id='word_1_158' title='bbox 996 2564 1032 2604; x_wconf 82' lang='lat' dir='ltr'><strong>ex</strong></span> <span class='ocrx_word' id='word_1_159' title='bbox 1048 2550 1146 2603; x_wconf 77' lang='lat' dir='ltr'><strong>Vento</strong></span> <span class='ocrx_word' id='word_1_160' title='bbox 1161 2567 1192 2603; x_wconf 75' lang='lat' dir='ltr'><strong>sc</strong></span> <span class='ocrx_word' id='word_1_161' title='bbox 1208 2563 1290 2612; x_wconf 85' lang='lat' dir='ltr'><strong>sum,</strong></span> 
     </span>
     <span class='ocr_line' id='line_1_22' title="bbox 90 2637 1289 2706; baseline -0.003 -16"><span class='ocrx_word' id='word_1_162' title='bbox 90 2642 176 2700; x_wconf 82' lang='lat' dir='ltr'><strong>nata,</strong></span> <span class='ocrx_word' id='word_1_163' title='bbox 200 2652 264 2690; x_wconf 88' lang='lat' dir='ltr'><strong>cum</strong></span> <span class='ocrx_word' id='word_1_164' title='bbox 282 2637 488 2702; x_wconf 82' lang='lat' dir='ltr'><strong>Substantivis‚</strong></span> <span class='ocrx_word' id='word_1_165' title='bbox 514 2653 633 2706; x_wconf 85' lang='lat' dir='ltr'><strong>quorum</strong></span> <span class='ocrx_word' id='word_1_166' title='bbox 651 2640 801 2693; x_wconf 79' lang='lat' dir='ltr'><strong>existentia</strong></span> <span class='ocrx_word' id='word_1_167' title='bbox 817 2641 976 2706; x_wconf 81' lang='lat' dir='ltr'><strong>nunciatur,</strong></span> <span class='ocrx_word' id='word_1_168' title='bbox 994 2640 1189 2703; x_wconf 83' lang='lat' dir='ltr'><strong>occurrentie3</strong></span> <span class='ocrx_word' id='word_1_169' title='bbox 1217 2652 1243 2690; x_wconf 90' lang='lat' dir='ltr'><strong>e.</strong></span> <span class='ocrx_word' id='word_1_170' title='bbox 1261 2653 1289 2703; x_wconf 75' lang='lat' dir='ltr'><strong>g.</strong></span> 
     </span>
     <span class='ocr_line' id='line_1_23' title="bbox 92 2711 1288 2796; baseline 0.003 -18"><span class='ocrx_word' id='word_1_171' title='bbox 92 2729 136 2778; x_wconf 86' lang='lat' dir='ltr'><strong>Mi</strong></span> <span class='ocrx_word' id='word_1_172' title='bbox 150 2741 167 2779; x_wconf 84' lang='lat' dir='ltr'><strong>e</strong></span> <span class='ocrx_word' id='word_1_173' title='bbox 181 2730 262 2778; x_wconf 75' lang='lat' dir='ltr'><strong>coldo</strong></span> <span class='ocrx_word' id='word_1_174' title='bbox 282 2727 370 2790; x_wconf 82' lang='lat' dir='ltr'><strong>caleo,</strong></span> <span class='ocrx_word' id='word_1_175' title='bbox 392 2732 429 2778; x_wconf 77' lang='lat' dir='ltr'><strong>mi</strong></span> <span class='ocrx_word' id='word_1_176' title='bbox 442 2745 457 2779; x_wconf 84' lang='lat' dir='ltr'><strong>e</strong></span> <span class='ocrx_word' id='word_1_177' title='bbox 472 2732 548 2790; x_wconf 74' lang='lat' dir='ltr'><strong>tripu</strong></span> <span class='ocrx_word' id='word_1_178' title='bbox 566 2729 700 2795; x_wconf 70' lang='lat' dir='ltr'><strong>frigesco,</strong></span> <span class='ocrx_word' id='word_1_179' title='bbox 718 2733 739 2780; x_wconf 83' lang='lat' dir='ltr'><strong>ti</strong></span> <span class='ocrx_word' id='word_1_180' title='bbox 757 2745 772 2782; x_wconf 88' lang='lat' dir='ltr'><strong>e</strong></span> <span class='ocrx_word' id='word_1_181' title='bbox 790 2734 866 2796; x_wconf 80' lang='lat' dir='ltr'><strong>bene,</strong></span> <span class='ocrx_word' id='word_1_182' title='bbox 885 2711 956 2782; x_wconf 81' lang='lat' dir='ltr'><strong>bene</strong></span> <span class='ocrx_word' id='word_1_183' title='bbox 974 2731 1061 2791; x_wconf 85' lang='lat' dir='ltr'><strong>vales,</strong></span> <span class='ocrx_word' id='word_1_184' title='bbox 1081 2733 1101 2781; x_wconf 79' lang='lat' dir='ltr'><strong>li</strong></span> <span class='ocrx_word' id='word_1_185' title='bbox 1118 2746 1133 2781; x_wconf 85' lang='lat' dir='ltr'><strong>e</strong></span> <span class='ocrx_word' id='word_1_186' title='bbox 1151 2745 1198 2781; x_wconf 81' lang='lat' dir='ltr'><strong>rec</strong></span> <span class='ocrx_word' id='word_1_187' title='bbox 1216 2729 1288 2781; x_wconf 83' lang='lat' dir='ltr'><strong>mate</strong></span> 
     </span>
     <span class='ocr_line' id='line_1_24' title="bbox 90 2814 1245 2881; baseline 0.004 -15"><span class='ocrx_word' id='word_1_188' title='bbox 90 2814 180 2878; x_wconf 80' lang='lat' dir='ltr'><strong>velet,</strong></span> <span class='ocrx_word' id='word_1_189' title='bbox 197 2815 227 2865; x_wconf 78' lang='lat' dir='ltr'><strong>m·</strong></span> <span class='ocrx_word' id='word_1_190' title='bbox 243 2830 259 2868; x_wconf 85' lang='lat' dir='ltr'><strong>e</strong></span> <span class='ocrx_word' id='word_1_191' title='bbox 275 2825 331 2868; x_wconf 73' lang='lat' dir='ltr'><strong>sete</strong></span> <span class='ocrx_word' id='word_1_192' title='bbox 348 2814 476 2878; x_wconf 77' lang='lat' dir='ltr'><strong>sitimus,</strong></span> <span class='ocrx_word' id='word_1_193' title='bbox 495 2819 522 2867; x_wconf 77' lang='lat' dir='ltr'><strong>ct</strong></span> <span class='ocrx_word' id='word_1_194' title='bbox 539 2822 645 2878; x_wconf 78' lang='lat' dir='ltr'><strong>esame</strong></span> <span class='ocrx_word' id='word_1_195' title='bbox 663 2818 790 2880; x_wconf 86' lang='lat' dir='ltr'><strong>esuritis,</strong></span> <span class='ocrx_word' id='word_1_196' title='bbox 808 2823 834 2870; x_wconf 86' lang='lat' dir='ltr'><strong>te</strong></span> <span class='ocrx_word' id='word_1_197' title='bbox 851 2834 867 2872; x_wconf 85' lang='lat' dir='ltr'><strong>e</strong></span> <span class='ocrx_word' id='word_1_198' title='bbox 884 2823 1007 2880; x_wconf 69' lang='lat' dir='ltr'><strong>arcuatia</strong></span> <span class='ocrx_word' id='word_1_199' title='bbox 1022 2823 1168 2871; x_wconf 80' lang='lat' dir='ltr'><strong>nauseant·</strong></span> <span class='ocrx_word' id='word_1_200' title='bbox 1241 2876 1245 2881; x_wconf 57' lang='grc'>,</span> 
     </span>
    </p>
   </div>
   <div class='ocr_carea' id='block_1_11' title="bbox 87 2947 1289 3238">
    <p class='ocr_par' dir='ltr' id='par_1_13' title="bbox 87 2947 1289 3238">
     <span class='ocr_line' id='line_1_25' title="bbox 172 2947 1289 3031; baseline -0.004 -15"><span class='ocrx_word' id='word_1_201' title='bbox 172 2947 224 3029; x_wconf 72' lang='grc'><strong>5)</strong></span> <span class='ocrx_word' id='word_1_202' title='bbox 254 2952 358 3011; x_wconf 85' lang='lat' dir='ltr'><strong>Verba</strong></span> <span class='ocrx_word' id='word_1_203' title='bbox 385 2954 600 3029; x_wconf 82' lang='lat' dir='ltr'><strong>impersonalia</strong></span> <span class='ocrx_word' id='word_1_204' title='bbox 628 2956 786 3031; x_wconf 83' lang='lat' dir='ltr'><strong>reciproce</strong></span> <span class='ocrx_word' id='word_1_205' title='bbox 806 2955 984 3017; x_wconf 79' lang='lat' dir='ltr'><strong>Accusativi</strong></span> <span class='ocrx_word' id='word_1_206' title='bbox 1011 2973 1119 3022; x_wconf 83' lang='lat' dir='ltr'><strong>casus,</strong></span> <span class='ocrx_word' id='word_1_207' title='bbox 1146 2954 1289 3013; x_wconf 83' lang='lat' dir='ltr'><strong>Dativum</strong></span> 
     </span>
     <span class='ocr_line' id='line_1_26' title="bbox 88 3056 1289 3134; baseline 0.004 -23"><span class='ocrx_word' id='word_1_208' title='bbox 88 3071 289 3130; x_wconf 82' lang='lat' dir='ltr'><strong>personarum</strong></span> <span class='ocrx_word' id='word_1_209' title='bbox 303 3057 476 3132; x_wconf 81' lang='lat' dir='ltr'><strong>poscentia,</strong></span> <span class='ocrx_word' id='word_1_210' title='bbox 505 3067 646 3134; x_wconf 88' lang='lat' dir='ltr'><strong>respectu</strong></span> <span class='ocrx_word' id='word_1_211' title='bbox 668 3059 911 3120; x_wconf 73' lang='lat' dir='ltr'><strong>constructionis</strong></span> <span class='ocrx_word' id='word_1_212' title='bbox 931 3058 1007 3117; x_wconf 89' lang='lat' dir='ltr'><strong>nihil</strong></span> <span class='ocrx_word' id='word_1_213' title='bbox 1028 3077 1045 3117; x_wconf 84' lang='lat' dir='ltr'>a</span> <span class='ocrx_word' id='word_1_214' title='bbox 1065 3057 1192 3134; x_wconf 85' lang='lat' dir='ltr'><strong>reliquis</strong></span> <span class='ocrx_word' id='word_1_215' title='bbox 1206 3056 1289 3116; x_wconf 84' lang='lat' dir='ltr'><strong>diffe-</strong></span> 
     </span>
     <span class='ocr_line' id='line_1_27' title="bbox 87 3167 272 3238; baseline 0.011 -21"><span class='ocrx_word' id='word_1_216' title='bbox 87 3167 171 3230; x_wconf 83' lang='lat' dir='ltr'><strong>runt,</strong></span> <span class='ocrx_word' id='word_1_217' title='bbox 193 3177 220 3220; x_wconf 85' lang='lat' dir='ltr'><strong>e.</strong></span> <span class='ocrx_word' id='word_1_218' title='bbox 241 3178 272 3238; x_wconf 81' lang='lat' dir='ltr'><strong>g.</strong></span> 
     </span>
    </p>
   </div>
   <div class='ocr_carea' id='block_1_12' title="bbox 84 3283 1286 3781">
    <p class='ocr_par' dir='ltr' id='par_1_14' title="bbox 91 3283 1017 3364">
     <span class='ocr_line' id='line_1_28' title="bbox 91 3283 1017 3364; baseline 0.002 -20"><span class='ocrx_word' id='word_1_219' title='bbox 91 3283 133 3344; x_wconf 74' lang='lat' dir='ltr'><strong>m·</strong></span> <span class='ocrx_word' id='word_1_220' title='bbox 151 3302 189 3344; x_wconf 83' lang='lat' dir='ltr'><strong>oe</strong></span> <span class='ocrx_word' id='word_1_221' title='bbox 210 3285 288 3345; x_wconf 83' lang='lat' dir='ltr'><strong>cade</strong></span> <span class='ocrx_word' id='word_1_222' title='bbox 308 3303 346 3343; x_wconf 81' lang='lat' dir='ltr'><strong>oo</strong></span> <span class='ocrx_word' id='word_1_223' title='bbox 366 3285 485 3351; x_wconf 80' lang='lat' dir='ltr'><strong>irtoetii.</strong></span> <span class='ocrx_word' id='word_1_224' title='bbox 689 3286 816 3364; x_wconf 78' lang='lat' dir='ltr'><strong>Oportet</strong></span> <span class='ocrx_word' id='word_1_225' title='bbox 836 3296 866 3348; x_wconf 90' lang='lat' dir='ltr'><strong>te</strong></span> <span class='ocrx_word' id='word_1_226' title='bbox 888 3286 1017 3346; x_wconf 88' lang='lat' dir='ltr'><strong>discere.</strong></span> 
     </span>
    </p>

    <p class='ocr_par' dir='ltr' id='par_1_15' title="bbox 88 3386 1255 3473">
     <span class='ocr_line' id='line_1_29' title="bbox 88 3386 1255 3473; baseline 0.002 -25"><span class='ocrx_word' id='word_1_227' title='bbox 88 3386 139 3448; x_wconf 74' lang='lat' dir='ltr'><strong>Mt</strong></span> <span class='ocrx_word' id='word_1_228' title='bbox 151 3406 189 3447; x_wconf 80' lang='lat' dir='ltr'><strong>re</strong></span> <span class='ocrx_word' id='word_1_229' title='bbox 203 3388 273 3456; x_wconf 77' lang='lat' dir='ltr'><strong>dice</strong></span> <span class='ocrx_word' id='word_1_230' title='bbox 287 3406 348 3471; x_wconf 83' lang='lat' dir='ltr'><strong>quo</strong></span> <span class='ocrx_word' id='word_1_231' title='bbox 362 3407 380 3447; x_wconf 85' lang='lat' dir='ltr'><strong>e</strong></span> <span class='ocrx_word' id='word_1_232' title='bbox 392 3390 490 3470; x_wconf 80' lang='lat' dir='ltr'><strong>inquo</strong></span> <span class='ocrx_word' id='word_1_233' title='bbox 506 3390 540 3448; x_wconf 83' lang='lat' dir='ltr'><strong>in</strong></span> <span class='ocrx_word' id='word_1_234' title='bbox 552 3387 665 3456; x_wconf 68' lang='lat' dir='ltr'><strong>Ruina.</strong></span> <span class='ocrx_word' id='word_1_235' title='bbox 688 3391 809 3450; x_wconf 84' lang='lat' dir='ltr'><strong>Dicitur</strong></span> <span class='ocrx_word' id='word_1_236' title='bbox 824 3391 897 3449; x_wconf 91' lang='lat' dir='ltr'><strong>mihi</strong></span> <span class='ocrx_word' id='word_1_237' title='bbox 919 3390 1015 3450; x_wconf 81' lang='lat' dir='ltr'><strong>adhuc</strong></span> <span class='ocrx_word' id='word_1_238' title='bbox 1036 3392 1151 3473; x_wconf 82' lang='lat' dir='ltr'><strong>Romae</strong></span> <span class='ocrx_word' id='word_1_239' title='bbox 1174 3408 1255 3450; x_wconf 86' lang='lat' dir='ltr'><strong>esse.</strong></span> 
     </span>
    </p>

    <p class='ocr_par' dir='ltr' id='par_1_16' title="bbox 88 3490 1286 3676">
     <span class='ocr_line' id='line_1_30' title="bbox 88 3490 1286 3575; baseline 0 -23"><span class='ocrx_word' id='word_1_240' title='bbox 88 3490 146 3552; x_wconf 80' lang='lat' dir='ltr'><strong>No</strong></span> <span class='ocrx_word' id='word_1_241' title='bbox 166 3493 230 3552; x_wconf 79' lang='lat' dir='ltr'><strong>moi</strong></span> <span class='ocrx_word' id='word_1_242' title='bbox 249 3511 413 3569; x_wconf 83' lang='lat' dir='ltr'><strong>mancare,</strong></span> <span class='ocrx_word' id='word_1_243' title='bbox 435 3511 496 3575; x_wconf 82' lang='lat' dir='ltr'><strong>quo</strong></span> <span class='ocrx_word' id='word_1_244' title='bbox 515 3496 588 3570; x_wconf 83' lang='lat' dir='ltr'><strong>pote</strong></span> <span class='ocrx_word' id='word_1_245' title='bbox 605 3510 667 3571; x_wconf 81' lang='lat' dir='ltr'><strong>quo</strong></span> <span class='ocrx_word' id='word_1_246' title='bbox 687 3495 753 3552; x_wconf 86' lang='lat' dir='ltr'><strong>Non</strong></span> <span class='ocrx_word' id='word_1_247' title='bbox 784 3496 925 3555; x_wconf 82' lang='lat' dir='ltr'><strong>comedes</strong></span> <span class='ocrx_word' id='word_1_248' title='bbox 947 3495 1097 3572; x_wconf 86' lang='lat' dir='ltr'><strong>emplius,</strong></span> <span class='ocrx_word' id='word_1_249' title='bbox 1124 3511 1192 3554; x_wconf 82' lang='lat' dir='ltr'><strong>nem</strong></span> <span class='ocrx_word' id='word_1_250' title='bbox 1218 3493 1286 3552; x_wconf 86' lang='lat' dir='ltr'><strong>fieri</strong></span> 
     </span>
     <span class='ocr_line' id='line_1_31' title="bbox 131 3594 1058 3676; baseline 0.004 -22"><span class='ocrx_word' id='word_1_251' title='bbox 131 3595 156 3654; x_wconf 86' lang='lat' dir='ltr'><strong>ti</strong></span> <span class='ocrx_word' id='word_1_252' title='bbox 173 3614 212 3656; x_wconf 80' lang='lat' dir='ltr'><strong>ee</strong></span> <span class='ocrx_word' id='word_1_253' title='bbox 229 3594 335 3676; x_wconf 78' lang='lat' dir='ltr'><strong>plera.</strong></span> <span class='ocrx_word' id='word_1_254' title='bbox 729 3608 841 3675; x_wconf 85' lang='lat' dir='ltr'><strong>potest,</strong></span> <span class='ocrx_word' id='word_1_255' title='bbox 861 3609 1058 3659; x_wconf 85' lang='lat' dir='ltr'><strong>utnausces.·</strong></span> 
     </span>
    </p>

    <p class='ocr_par' dir='ltr' id='par_1_17' title="bbox 84 3697 1163 3781">
     <span class='ocr_line' id='line_1_32' title="bbox 84 3697 1163 3781; baseline 0.005 -21"><span class='ocrx_word' id='word_1_256' title='bbox 84 3697 184 3760; x_wconf 76' lang='lat' dir='ltr'><strong>lta-tt</strong></span> <span class='ocrx_word' id='word_1_257' title='bbox 204 3704 326 3780; x_wconf 82' lang='lat' dir='ltr'><strong>quantu</strong></span> <span class='ocrx_word' id='word_1_258' title='bbox 347 3699 372 3759; x_wconf 82' lang='lat' dir='ltr'><strong>li</strong></span> <span class='ocrx_word' id='word_1_259' title='bbox 392 3717 428 3759; x_wconf 86' lang='lat' dir='ltr'><strong>ee</strong></span> <span class='ocrx_word' id='word_1_260' title='bbox 450 3717 596 3764; x_wconf 82' lang='lat' dir='ltr'><strong>convene.</strong></span> <span class='ocrx_word' id='word_1_261' title='bbox 689 3704 737 3762; x_wconf 78' lang='lat' dir='ltr'><strong>De</strong></span> <span class='ocrx_word' id='word_1_262' title='bbox 753 3703 799 3761; x_wconf 90' lang='lat' dir='ltr'><strong>illi</strong></span> <span class='ocrx_word' id='word_1_263' title='bbox 815 3712 957 3781; x_wconf 83' lang='lat' dir='ltr'><strong>quantum</strong></span> <span class='ocrx_word' id='word_1_264' title='bbox 971 3704 1000 3762; x_wconf 90' lang='lat' dir='ltr'><strong>ei</strong></span> <span class='ocrx_word' id='word_1_265' title='bbox 1012 3703 1163 3765; x_wconf 86' lang='lat' dir='ltr'><strong>convenit.</strong></span> 
     </span>
    </p>
   </div>
   <div class='ocr_carea' id='block_1_13' title="bbox 289 3876 1275 4002">
    <p class='ocr_par' dir='ltr' id='par_1_18' title="bbox 289 3876 1275 4002">
     <span class='ocr_line' id='line_1_33' title="bbox 289 3876 1275 4002; baseline 0.004 -32"><span class='ocrx_word' id='word_1_266' title='bbox 289 3917 590 3971; x_wconf 67' lang='lat' dir='ltr'><strong>stemus</strong></span> <span class='ocrx_word' id='word_1_267' title='bbox 624 3876 1071 3976; x_wconf 66' lang='lat' dir='ltr'><strong>novennium-ut.</strong></span> <span class='ocrx_word' id='word_1_268' title='bbox 1174 3991 1180 4002; x_wconf 36' lang='grc'>,</span> <span class='ocrx_word' id='word_1_269' title='bbox 1272 3925 1275 3932; x_wconf 89' lang='grc'><em>“</em></span> 
     </span>
    </p>
   </div>
   <div class='ocr_carea' id='block_1_14' title="bbox 87 4080 1283 4267">
    <p class='ocr_par' dir='ltr' id='par_1_19' title="bbox 87 4080 1283 4267">
     <span class='ocr_line' id='line_1_34' title="bbox 189 4080 1283 4176; baseline 0 -30"><span class='ocrx_word' id='word_1_270' title='bbox 189 4082 218 4146; x_wconf 88' lang='grc'><strong>1.</strong></span> <span class='ocrx_word' id='word_1_271' title='bbox 241 4080 389 4145; x_wconf 74' lang='lat' dir='ltr'><strong>Aduerbio</strong></span> <span class='ocrx_word' id='word_1_272' title='bbox 409 4085 447 4145; x_wconf 79' lang='lat' dir='ltr'><strong>ed</strong></span> <span class='ocrx_word' id='word_1_273' title='bbox 468 4084 641 4146; x_wconf 82' lang='lat' dir='ltr'><strong>Verborum</strong></span> <span class='ocrx_word' id='word_1_274' title='bbox 664 4105 805 4160; x_wconf 86' lang='lat' dir='ltr'><strong>sensum,</strong></span> <span class='ocrx_word' id='word_1_275' title='bbox 828 4106 921 4165; x_wconf 84' lang='lat' dir='ltr'><strong>penes</strong></span> <span class='ocrx_word' id='word_1_276' title='bbox 942 4106 1019 4166; x_wconf 77' lang='lat' dir='ltr'><strong>quae</strong></span> <span class='ocrx_word' id='word_1_277' title='bbox 1040 4096 1138 4176; x_wconf 85' lang='lat' dir='ltr'><strong>stent,</strong></span> <span class='ocrx_word' id='word_1_278' title='bbox 1159 4086 1283 4163; x_wconf 81' lang='lat' dir='ltr'><strong>propius</strong></span> 
     </span>
     <span class='ocr_line' id='line_1_35' title="bbox 87 4186 1283 4267; baseline -0.003 -18"><span class='ocrx_word' id='word_1_279' title='bbox 87 4187 344 4250; x_wconf 75' lang='lat' dir='ltr'><strong>determinandum</strong></span> <span class='ocrx_word' id='word_1_280' title='bbox 354 4189 549 4257; x_wconf 61' lang='lat' dir='ltr'><strong>adhibentem</strong></span> <span class='ocrx_word' id='word_1_281' title='bbox 568 4187 657 4248; x_wconf 85' lang='lat' dir='ltr'><strong>loeus</strong></span> <span class='ocrx_word' id='word_1_282' title='bbox 670 4197 769 4250; x_wconf 83' lang='lat' dir='ltr'><strong>eutem</strong></span> <span class='ocrx_word' id='word_1_283' title='bbox 792 4209 898 4250; x_wconf 89' lang='lat' dir='ltr'><strong>eorum</strong></span> <span class='ocrx_word' id='word_1_284' title='bbox 920 4210 937 4250; x_wconf 85' lang='lat' dir='ltr'>a</span> <span class='ocrx_word' id='word_1_285' title='bbox 958 4190 988 4247; x_wconf 90' lang='lat' dir='ltr'><strong>vi</strong></span> <span class='ocrx_word' id='word_1_286' title='bbox 1010 4186 1218 4267; x_wconf 79' lang='lat' dir='ltr'><strong>expressionis</strong></span> <span class='ocrx_word' id='word_1_287' title='bbox 1235 4187 1283 4246; x_wconf 87' lang='lat' dir='ltr'><strong>do·</strong></span> 
     </span>
    </p>
   </div>
   <div class='ocr_carea' id='block_1_15' title="bbox 0 0 1378 4604">
    <p class='ocr_par' dir='ltr' id='par_1_20' title="bbox 0 0 1378 4604">
     <span class='ocr_line' id='line_1_36' title="bbox 0 0 1378 4604; baseline 0 2"><span class='ocrx_word' id='word_1_288' title='bbox 0 0 1378 4604; x_wconf 95' lang='lat' dir='ltr'><strong> </strong></span> 
     </span>
    </p>
   </div>
  </div>
 </body>
</html>
