2746 4604
133 100 199 158 ΚΝ

132 243 349 320 humanorum,
369 234 585 299 extendebatur
605 254 624 296 n
644 234 740 296 iilexu
760 232 891 295 Danubii
907 233 996 310 juxte
1012 235 1145 316 (tarplm,
1166 239 1251 300 iniis
1268 241 1330 301 sci

133 347 206 406 licet
224 343 311 413 loeis,
338 340 390 400 ubi
409 340 585 402 hodiernum
607 350 741 400 castrum
760 340 933 420 vissegrad
949 341 1052 415 jacet,
1083 361 1175 420 supra
1194 345 1329 415 Budam,
1352 412 1355 417 ,

134 449 300 510 secundum
325 441 453 505 eundem
479 443 650 515 Danubium
676 446 803 504 iiuvium
831 463 928 523 nsque
968 446 1005 507 ad
1031 449 1147 507 Pontus
1175 451 1329 508 Euxinum

88 567 90 569 ’
133 555 200 614 sivo
221 552 309 612 Mare
329 552 451 629 nigrum
458 569 469 630 3
498 550 568 610 binc
598 522 693 627 uisque
722 548 759 609 ad
778 551 999 627 Barystbenem
1027 553 1169 622 fluvium3
1200 563 1330 630 septem·

133 658 251 719 trionem
272 673 381 715 versus
403 663 502 714 autem
523 623 620 732 nequi
641 653 677 714 ad
689 654 1330 731 carpatioosmontas.itastrabo.-t'em

134 780 231 840 pore,
261 779 319 838 quo
351 759 502 818 Traianus
523 734 625 828 Daeo's
659 756 785 827 devicit,
812 775 885 834 pars
912 758 992 817 inter
1011 760 1182 818 Danubium
1204 768 1234 817 et
1253 760 1329 818 Par·

133 866 274 943 tbyscum
294 863 451 923 tenebatur
472 879 490 920 a
511 856 681 940 Janygibus
703 860 900 931 Metanastis,
929 864 1121 940 quaeipsis,
1151 863 1291 941 quoniam
1312 882 1330 923 a

134 971 288 1030 Dacorum
309 966 531 1026 insurrectione
553 964 684 1024 secundo
706 964 917 1025 abstinuerunt
936 966 1038 1035 bello,
1063 966 1169 1025 relicta
1190 975 1254 1035 est3
1282 973 1330 1024 ast

134 1074 251 1134 tardius
272 1072 435 1150 inquietem
456 1069 668 1131 exserentibus
697 1069 824 1146 ademta,
847 1079 878 1130 et
903 1058 1038 1148 reliquae
1059 1072 1172 1130 Daciae
1193 1070 1331 1130 adiuncta

134 1187 200 1246 est3
222 1195 294 1254 pars
316 1186 416 1236 autem
438 1176 585 1234 orientem
606 1192 727 1244 versus,
749 1175 829 1235 ultra
849 1174 1014 1234 Hierasum
1030 1193 1147 1234 amnem
1157 1174 1265 1247 jacens
1280 1190 1330 1232 ue·

135 1298 195 1360 qne
215 1280 253 1340 ad
273 1280 495 1357 Borysthenem
514 1279 657 1348 fiuvium,
683 1296 719 1337 re
741 1281 862 1358 quidem
883 1280 1015 1347 Daciae,
1043 1280 1142 1338 forma
1163 1288 1262 1337 autem
1283 1277 1331 1336 ad·

135 1385 366 1444 ministrationis
381 1385 500 1460 Mysiae
520 1383 659 1442 interiori
680 1383 949 1463 adnumerabatur3
970 1383 1152 1441 interiacens
1166 1383 1255 1459 'regio
1271 1382 1331 1440 Ds-

135 1490 184 1549 cia
203 1491 326 1566 proprie
347 1497 424 1549 erat.
446 1488 492 1546 lta
511 1486 889 1551 Ptolomaeus-Nature
901 1487 1020 1564 quidem
1041 1485 1138 1544 divisa
1158 1486 1331 1544 eret‘vetns

135 1594 232 1652 Dacia
252 1593 283 1653 in
306 1591 490 1667 centrolem,
514 1590 710 1661 orientalem,
732 1590 968 1668 occidentalem,
983 1587 1141 1649 borealem
1157 1596 1188 1647 et
1201 1592 1334 1648 amira·

134 1695 209 1776 iem,
232 1696 287 1756 sed
306 1695 477 1756 nominibus
499 1693 629 1753 carebat
652 1693 733 1754 Hine
752 1694 838 1754 vaide
858 1696 934 1754 bene
955 1694 1118 1769 fecissent,
1141 1692 1190 1769 qui
1211 1691 1335 1750 nomibe

135 1801 182 1860 llll
203 1800 278 1860 dare
297 1801 469 1868 voluerunt,
491 1814 568 1876 qnae
589 1816 741 1875 nunquam
761 1797 876 1867 babuit,
899 1798 927 1856 si
948 1798 1090 1875 quinque,
1111 1804 1145 1854 nt
1166 1794 1335 1854 saltemse·

135 1922 204 1966 eum
225 1913 334 1964 natura
354 1905 425 1979 fert,
448 1903 702 1978 construxissent,
727 1903 758 1959 in
781 1912 853 1978 quot
873 1911 976 1978 partes
997 1900 1094 1958 medio
1117 1909 1147 1958 et
1168 1898 1336 1959 recentiori

135 2023 210 2066 aevo
232 2024 267 2065 re
288 2007 356 2083 ipsa
376 2005 474 2065 divise
493 2005 561 2073 luit,
583 2003 637 2062 sed
658 2022 718 2063 non
740 2005 872 2082 antiquo.
894 2005 952 2063 Ast
965 2021 1145 2082 quamquam
1159 2021 1258 2080 nugae
1272 2004 1336 2061 sint

135 2111 256 2171 illorum
277 2110 427 2180 fictiones,
446 2118 556 2179 tamen,
579 2108 648 2185 quia
669 2109 780 2168 incauti
801 2126 852 2167 res
874 2107 978 2167 deinde
999 2107 1145 2167 historice
1160 2124 1250 2165 veras
1270 2105 1334 2164 illis

135 2224 424 2292 superstruxerunt,
453 2213 611 2273 videamus
633 2222 768 2290 oportet,
796 2231 926 2292 quonam
947 2212 1036 2272 modo
1066 2230 1103 2272 ee
1130 2209 1333 2286 applicuerint

135 2320 266 2383 nomina.

236 2422 296 2498 Qui
317 2439 393 2500 ergo
415 2439 523 2480 nomen
544 2420 827 2501 Daciaeiiipecsis,
849 2421 964 2479 Daciae
975 2419 1099 2479 Tnaiani
1121 2417 1330 2484 attribuerunt,

135 2526 183 2586 illi
203 2525 264 2584 nisi
284 2525 361 2584 hane
381 2526 585 2602 provinciam,
614 2542 690 2603 quae
714 2524 750 2584 ad
772 2525 909 2583 dextram
929 2524 1060 2582 Danubii
1080 2525 1177 2600 ripam
1194 2521 1329 2596 jacebat,

135 2627 355 2690 transtulerunt
369 2629 406 2688 ad
421 2629 577 2688 sinistram
591 2626 641 2703 *);
661 2630 732 2688 huic
752 2629 899 2706 parallelo
912 2625 1330 2706 superposueruntMediter·

135 2750 270 2794 rurscam
291 2742 389 2792 semet
408 2733 445 2792 ab
460 2734 612 2820 occidente
628 2735 776 2794 orientem
792 2751 901 2793 versus
919 2733 1144 2800 extendentem3
1166 2730 1236 2789 bnio
1252 2729 1329 2788 dein·

27 2884 29 2888 r
135 2836 173 2922 de
194 2834 668 2918 posteriorisuperaddiderunt,
701 2837 794 2896 simili
814 2837 902 2897 modo
928 2832 1264 2914 paralleieAlpestrem
1283 2832 1330 2889 bo·

136 2941 250 3000 realem
271 2922 337 2999 eius
358 2941 606 3018 complectentem
626 2951 766 3001 tractum.
788 2943 827 3000 iit
846 2939 878 3000 bi
894 2951 965 3000 sunt
980 2939 1069 3016 primi
1084 2939 1274 3017 ignorantiae
1289 2934 1330 2992 bi·

136 3044 269 3103 atoricae
283 3043 459 3103 fundatores
481 3055 511 3103 et
530 3063 677 3104 novorum
688 3064 828 3105 errorum
838 3044 1072 3108 introductores.
1095 3043 1260 3106 Tardiores
1273 3037 1333 3115 ple·

137 3154 264 3226 rumque
287 3167 325 3207 ex
342 3149 439 3208 Dacia
450 3150 585 3208 centrali
599 3150 668 3220 orti,
691 3148 809 3226 quibus,
824 3166 882 3208 non
899 3157 1013 3206 tantum
1024 3146 1256 3223 septemtriones
1267 3160 1333 3200 ver·

138 3257 210 3321 s'us,
233 3251 318 3328 alpes
339 3261 443 3328 erant,
465 3252 519 3312 sed
540 3255 633 3312 multo
655 3255 788 3313 maiores
810 3253 957 3312 orientem
979 3259 1009 3310 et
1028 3250 1184 3308 meridiem
1204 3262 1332 3313 versus,

137 3356 265 3416 Daciam
273 3352 455 3433 Alpestrem
471 3356 636 3415 universali
652 3356 688 3415 ab
709 3359 785 3433 ipsis
809 3356 935 3415 conficto
958 3355 1078 3413 nomine
1088 3348 1334 3427 Transalpinam

138 3478 209 3518 esse
229 3459 401 3528 voluerunt,
424 3461 524 3537 itaque
545 3478 630 3529 eam,
653 3478 728 3537 quae
750 3459 853 3536 reipsa
872 3457 909 3517 ad
929 3457 1061 3515 Danubii
1078 3454 1199 3529 jacebat
1219 3454 1334 3529 ripam,

137 3563 197 3624 hoc
221 3564 341 3622 nomine
364 3563 605 3641 insigniverunt3
635 3563 689 3622 sed
710 3561 780 3641 qnid
800 3579 881 3620 nunc
903 3579 970 3619 cum
988 3559 1125 3638 Ripeoei
1144 3555 1334 3618 iaciendum?

138 3652 208 3731 nam
222 3663 493 3728 Mediterraneum
513 3686 567 3744 pro
583 3686 618 3726 ee
633 3667 830 3727 retinuerunt.
852 3665 1070 3743 Applicuerunt
1084 3683 1159 3741 ergo
1173 3660 1251 3719 hane
1262 3658 1336 3716 Par·

138 3772 247 3850 tbysco
268 3771 381 3840 fluvio,
407 3789 463 3847 per
484 3780 578 3832 totam
599 3772 719 3833 scilieet
746 3789 832 3831 orem
858 3770 1074 3832 occidentalem
1103 3777 1270 3828 extensam.
1298 3762 1336 3819 iit

164 4100 192 4162 ⁴)
223 4106 308 4152 Petri
318 4106 456 4155 nancaei
469 4102 601 4172 Epitomc
617 4107 722 4159 Rerum
739 4106 965 4174 Hungarioarum
973 4139 981 4172 ,
1000 4103 1097 4155 indico
1116 4103 1153 4155 ll.
