2746 4604
1175 184 1257 240 XXV

75 317 187 394 vodonis
209 318 368 388 allectum,
390 317 537 402 quemad
558 317 663 393 sedem
683 322 879 397 apostolicam
900 321 987 401 geris
1009 324 1096 400 quasi
1116 322 1257 391 haeredi·

55 418 136 481 'tario
152 420 242 494 jure,
259 420 441 499 jampridem
461 432 492 484 te
506 424 719 500 proposuimus
741 435 772 484 et
787 424 899 485 litteris
922 435 953 485 et
979 428 1093 487 nuntiis
1108 428 1251 487 visitare:

10 566 12 601 ;
70 527 112 585 sed
130 526 224 585 variis
244 525 400 586 Ecclesiae
422 504 661 587 solicitudinibu's
676 528 801 598 detenti,
812 527 957 588 hactenns
970 547 1034 607 non¹
1041 531 1193 607 potuimus
1204 548 1258 591 no·

70 638 154 689 sunm
173 631 363 708 propositum
384 630 558 707 adimplere.
579 632 665 691 Nunc
685 651 759 692 vero
782 633 863 693 iuter
883 634 959 693 alias
981 633 1189 694 solicitudines
1204 651 1257 693 uo·

67 744 148 802 suas,
168 732 248 794 hauc
269 735 360 793 etiam
381 735 594 795 assumendam
614 736 766 809 duximus,
786 738 849 799 imo
869 737 1135 799 consummandam
1155 736 1257 814 potius

64 837 226 917 jamdudum
246 848 452 916 assumptam,
468 849 503 899 ut·
522 857 578 917 per
599 840 736 917 Legatos
758 849 789 900 et
808 840 928 901 litteras
948 851 1071 901 nostras
1091 850 1121 900 te
1141 841 1172 899 in
1194 840 1257 900 lau·

66 943 144 1002 dahili
164 944 324 1003 foveamus
346 944 503 1019 proposito
526 953 558 1003 et
579 943 737 1007 devotione
763 946 846 1005 sedis
873 944 1059 1023 apostolicae
1079 941 1256 1003 solidemus.

65 1047 208 1107 llilectum
228 1047 331 1125 itaque
352 1047 449 1125 lilium
469 1057 608 1107 nostrum
627 1049 823 1109 Dominicum
838 1046 1146 1125 Archipresbyternm
1160 1047 1257 1107 crae·

10 1179 11 1200 1
66 1169 159 1213 eorum
180 1150 218 1211 de
237 1150 411 1211 Brundusio
434 1150 471 1210 ad
492 1159 522 1211 te
543 1152 787 1228 praesentialiter
806 1152 1004 1224 destinantes,
1024 1167 1182 1211 monemus
1203 1167 1256 1211 no·

10 1279 20 1341 3
64 1254 200 1316 illitatem
221 1265 305 1315 tuam
325 1264 357 1317 et
379 1255 577 1314 exhortamur
597 1256 627 1314 in
642 1256 789 1325 Domino,
810 1274 846 1316 ae
858 1275 916 1334 per
933 1254 1100 1333 apostolica
1112 1254 1168 1314 tibi
1180 1254 1255 1314 scri·

10 1362 21 1426 t}
65 1368 105 1436 pta
122 1358 312 1431 mandamus,
334 1361 505 1435 qnatenus
496 1377 598 1436 1psuur
618 1358 774 1418 humiliter
796 1369 827 1419 at
847 1360 952 1419 devote
973 1359 1138 1437 recipiens,
1160 1352 1255 1417 hono·

66 1464 138 1523 rilice
159 1471 191 1523 et
211 1463 353 1543 benigne
366 1472 555 1540 pertractes,
584 1471 616 1521 et
635 1481 705 1539 per
712 1481 781 1523 eum
801 1465 919 1541 plenius
947 1471 1029 1522 tuam
1056 1461 1145 1521 uobis
1166 1460 1256 1522 devo·

10 1542 23 1616 ³¹¹
66 1567 164 1627 tionem
186 1584 335 1644 exponas
358 1568 434 1627 Cum
456 1568 536 1626 enim
558 1567 644 1643 plene
666 1567 753 1625 nohis
774 1586 831 1644 per
851 1569 960 1645 ipsum
968 1567 1004 1625 de
1019 1565 1194 1625 sinceritate
1208 1567 1254 1625 tui

10 1664 202 1748 lpapoaiti
222 1689 261 1731 ac
280 1671 449 1731 devotionis
467 1674 577 1731 affectu
590 1671 773 1741 constiterit,
795 1672 832 1730 ad
845 1681 874 1730 te
889 1671 1102 1753 proposuimus
1120 1669 1254 1733 maiores

10 1776 18 1829 l
67 1776 183 1843 nuntios,
205 1775 255 1833 vel
264 1775 400 1853 Legatos
422 1776 523 1852 potius
545 1773 716 1844 destinare‚.
732 1777 783 1853 qui
797 1762 858 1835 tarn
876 1783 918 1852 te,
940 1792 1030 1851 quam
1046 1782 1117 1833 tuos
1133 1774 1164 1832 in
1183 1791 1254 1857 apo·

10 1866 26 1926 l*
67 1880 176 1939 audeas
198 1877 282 1938 sedis
304 1878 463 1940 devotione
485 1879 682 1957 confirment,
711 1888 741 1939 ct
768 1879 805 1939 de
831 1876 1041 1938 benevolentia
1062 1885 1169 1936 nostra
1189 1876 1253 1961 elii·

10 1981 25 2035 d
67 1979 132 2042 daut
150 1983 325 2043 certiorem.
387 2034 389 2039 ,
457 2034 460 2041 ,

10 2077 25 2133 l·
147 2086 325 2149 Joennitius
346 2093 446 2145 autem
467 2087 589 2145 nuntios
611 2095 641 2146 et
667 2086 786 2145 litteras
807 2086 929 2145 Domini
950 2086 1050 2171 Papae
1071 2081 1178 2145 devote
1199 2101 1249 2145 re·

66 2185 177 2264 oipiens,
198 2190 359 2265 rescripsit
379 2190 436 2249 hoc
457 2187 566 2248 modo:
1202 2266 1206 2275 .

149 2293 330 2351 Venerabili
352 2302 383 2351 et
402 2294 596 2352 sanctissimo
625 2294 704 2370 patri
726 2310 843 2352 summo
864 2290 1022 2360 Pontifici,
1052 2290 1252 2369 egocolojo·

10 2408 11 2417 ¹
62 2394 165 2456 lances
187 2399 357 2474 imperator
372 2396 535 2457 Blacornm
557 2406 588 2457 ot
608 2397 814 2475 Belgarornm
829 2394 972 2475 gaudium
988 2403 1019 2454 et
1032 2394 1161 2459 salutem
1170 2413 1252 2456 man·

10 2406 18 2599 f
60 2498 90 2559 do
109 2501 172 2561 tibi.
192 2502 304 2559 Notum
318 2501 446 2559 facimus
463 2502 616 2560 sanctitati
629 2512 762 2570 vestrae,
784 2500 861 2580 quod
875 2517 931 2559 nos
945 2500 1119 2586 recepimus
1129 2509 1252 2561 vestras
1276 2474 1281 2495 “

10 2602 13 2635 ¹
59 2611 262 2662 sacrosanctas
284 2603 422 2672 litteras,
451 2623 526 2681 quas
547 2604 635 2673 nohis
657 2604 789 2681 portavit
808 2603 975 2681 religiosus
997 2603 1252 2681 archipresbyter

56 2706 277 2775 Brundusinus,
299 2717 331 2766 et
350 2725 406 2765 nos
428 2710 634 2784 reputavimus
658 2725 710 2766 eas
726 2724 820 2793 ’caras
842 2725 936 2784 super
957 2725 1045 2766 omne
1077 2686 1184 2789 aurum
1219 2715 1251 2769 et

57 2812 215 2887 quemlihet
237 2811 366 2887 lapidem
386 2814 565 2897 pretiosum.
593 2812 677 2871 Unde
698 2811 809 2871 stultas
836 2814 956 2889 egimus
977 2790 1250 2891 gratias'omnipo·

56 2918 124 2975 tenti
144 2919 233 2986 Deo,
261 2919 331 2993 quia
351 2919 488 2995 visitavit
507 2936 565 2977 nos
587 2935 697 2977 servos
720 2935 793 2975 suos
815 2916 956 2994 indignos
978 2914 1141 2975 secundum
1163 2933 1250 2995 suam

54 3017 300 3079 inaestimabilem
321 3020 496 3090 bonitatem,
518 3030 549 3079 et
569 3021 706 3096 respexit
726 3019 927 3079 humilitatem
948 3029 1096 3087 nostram,
1118 3029 1148 3078 ct
1163 3019 1250 3103 pedu,

54 3123 95 3180 xit
112 3140 169 3182 nos
190 3125 223 3182 in
244 3125 422 3183 memoriam
444 3125 603 3201 sanguinis
626 3133 656 3183 et
676 3125 791 3207 patriae
812 3132 954 3190 nostrae,
976 3140 995 3181 a
1016 3140 1074 3198 qua
1096 3121 1250 3207 descendi·

53 3242 124 3286 mus.
144 3230 184 3287 Et
203 3246 284 3287 nunc
304 3237 409 3287 sancte
430 3237 534 3305 pater,
557 3237 699 3305 tanquam
712 3227 809 3286 honus
823 3236 928 3304 pastor
933 3268 945 3296 ,
966 3235 998 3285 et
1011 3235 1101 3301 caput
1117 3228 1250 3293 omnium

53 3328 179 3390 fidelium
201 3331 460 3402 Christianorum,
482 3332 564 3392 filios
587 3341 707 3391 sanctae
730 3331 895 3391 catholicae
917 3339 949 3390 et
969 3330 1249 3413 apostolicaesedis

54 3450 238 3514 congregare
259 3437 367 3496 voleus
388 3438 420 3494 in
435 3455 545 3507 unum,
574 3437 749 3515 requisistis
771 3453 829 3495 nos
853 3443 988 3493 remotos
1005 3434 1167 3493 secundum
1182 3451 1250 3495 cor-

10 3584 12 3609 ,
54 3553 113 3611 pus.
139 3540 180 3598 Et
199 3542 337 3617 quamvis
357 3541 471 3601 fratres
493 3543 553 3600 mei
574 3540 671 3601 bonae
693 3540 874 3609 memoriae,
898 3537 1073 3613 jamdudum
1093 3539 1248 3621 voluerint

55 3642 165 3701 mittere
185 3645 339 3703 sanctitati
360 3653 493 3713 vestrae,
516 3662 574 3702 non
596 3653 696 3701 tomen
718 3642 755 3702 ad
776 3663 832 3701 vos
854 3644 1024 3719 pervenire,
1034 3651 1158 3718 propter
1173 3630 1248 3700 rnul-

10 3778 15 3807 ·.
55 3750 96 3802 tos
116 3756 239 3805 nostros
260 3747 441 3816 contrarios,
454 3756 625 3824 potuerunt.
646 3750 685 3806 ltt
705 3767 761 3806 nos
784 3748 926 3806 similiter
947 3745 1110 3822 probantes
1133 3746 1229 3804 semel
1236 3778 1250 3815 ,·

10 3846 14 3889 ἶ
58 3849 176 3908 secundo
198 3859 230 3909 et
250 3852 342 3910 tertio
364 3851 401 3908 ad
421 3870 477 3910 vos
501 3852 646 3930 dirigere,
667 3852 814 3910 deducere
828 3870 887 3910 non
903 3853 1055 3928 potuimus
1072 3850 1150 3928 quod
1165 3858 1248 3925 opta·

11 3952 15 3973 ²
58 3949 143 4012 timus
164 3953 195 4012 in
217 3955 368 4015 ellectum.
396 3956 435 4015 llt
456 3972 534 4013 nunc
555 3953 692 4012 videntes
714 3954 792 4032 quod
815 3954 974 4013 sanctitas
991 3960 1096 4012 vestra
1124 3946 1247 4029 dignata

60 4062 99 4114 est
114 4048 241 4123 mittere
257 4058 396 4135 imperio
408 4044 527 4128 nostro,
548 4066 689 4136 tanquam
710 4060 827 4136 proprii
849 4068 880 4117 et
900 4057 1092 4144 dilectissimi
1112 4054 1185 4126 filii,
1206 4056 1247 4114 si·

62 4167 100 4217 out
117 4163 322 4225 amantissimo
333 4174 364 4260 et
380 4163 662 4224 desiderantissimo
677 4162 767 4239 patri,
791 4162 939 4224 mittimus
950 4159 1248 4253 misericordiae-ve·

802 4441 806 4447 '
824 4454 832 4495 t
