2746 4604
1166 147 1235 199 xxi

31 286 191 358 ¹decessum
210 285 343 363 Petrus,
364 303 454 366 quem
477 296 600 355 secutus
623 296 671 348 cst
691 284 827 347 ,Samuel
846 278 893 372 Ἴ,
915 302 974 361 quo
994 292 1114 344 mortuo
1137 283 1234 342 turbis

10 366 23 467 f
41 391 67 450 iu
85 389 240 469 republica
259 389 450 450 serventibus
471 409 602 469 regnum
623 409 641 449 a
668 390 784 451 Basilio
805 368 857 447 ΙΙ.Ι
872 387 1116 464 Beriparaclooo
1136 386 1236 456 dicto,

45 494 487 572 occupatabletropolirlchride
502 512 682 571 oppressum
697 503 756 572 est,
777 494 900 552 ineunte
922 491 1044 552 sacculo
1065 491 1236 572 undecimo,

46 607 70 657 et
84 600 215 659 Romani
238 599 294 659 sub
309 600 498 659 Graecorum
517 585 667 659 venerunt
687 580 880 658 dominatum.

131 702 251 779 Qumta
264 702 355 763 huius
379 704 524 781 temporis
546 703 637 763 etiam
658 702 735 779 apud
748 703 934 780 Byzantinos
955 717 1059 761 rerum
1079 700 1239 759 historica·

48 819 102 862 rum
120 805 216 865 fuerit
236 806 427 883 ignorantia,
455 805 524 865 inde
544 805 596 865 vel
618 808 748 865 maxime
769 815 869 884 patet,
900 805 979 884 quod
1001 821 1069 863 cum
1089 803 1139 873 bi,
1168 811 1240 879 post

49 924 175 967 eversum
196 917 321 978 statum,
342 911 373 969 in
395 912 601 989 cognitionem
621 912 894 990 venerintgentis,
916 910 1076 986 stupebant
1097 926 1163 967 eam
1184 908 1249 965 ita·'

10 1084 13 1095 Ι
48 1010 93 1071 lice
110 1010 210 1071 ferme
232 1011 316 1090 loqui
336 1013 503 1082 audientes,
525 992 686 1090 italiedque
707 1032 794 1074 more
813 1015 919 1074 vivero
941 1019 1110 1073 cernentes.
1128 1010 1239 1068 Leoni·

10 1173 13 1193 ‚
47 1130 89 1173 eus
108 1115 191 1173 enlm
212 1113 435 1191 Chalcondylas
456 1114 615 1175 Historiae
637 1135 711 1175 suae
731 1116 809 1177 libro
826 1120 866 1181 ll.
888 1116 963 1176 haec
984 1116 1021 1175 de
1043 1115 1095 1174 illa
1115 1112 1238 1173 scribite

45 1218 211 1287 ,liacorum
226 1219 292 1281 slve
306 1219 492 1286 Blaehorum
512 1220 618 1299 lingua
640 1222 749 1280 similis
773 1232 822 1280 est
841 1221 986 1281 italorum
1006 1220 1141 1297 linguae,
1164 1216 1238 1277 adeo

10 1320 23 1383 ’.
45 1328 132 1385 enen
163 1331 308 1400 corrupta
333 1333 364 1382 et
391 1323 552 1392 differens,
581 1334 614 1384 ut
641 1324 804 1385 difficulter
825 1324 894 1383 ltali
913 1322 1026 1401 queant
1046 1322 1237 1400 intelligere,

10 1392 111 1505 ²'puae
142 1426 276 1485 istorum
307 1426 412 1487 verbis
433 1428 639 1504 proferuntur.
666 1428 751 1487 Unde
778 1438 878 1488 autem
907 1429 1013 1504 lingua
1041 1426 1239 1502 moribusque

44 1530 183 1591 Romanis
203 1531 254 1590 usi
278 1532 309 1590 ln
338 1532 429 1590 istam
451 1533 610 1609 regionem
640 1534 846 1612 accesserint,
876 1534 977 1609 ibique
1005 1530 1094 1590 sedes
1116 1531 1240 1589 fixerint

43 1632 156 1694 anullo
178 1636 352 1695 mortalium
374 1637 488 1712 accepi,
508 1644 566 1697 nec
581 1637 713 1715 aliquem
730 1635 840 1706 audivi,
863 1638 913 1714 qui
927 1639 988 1696 ista
1002 1634 1151 1714 loquendo
1159 1620 1239 1695 conr·

40 1748 220 1799 memoraret
226 1759 237 1808 ;
259 1739 400 1799 dicuntur
419 1748 519 1799 tamen
541 1740 681 1800 homines
702 1740 833 1819 undique
847 1742 1033 1801 confluentes
1047 1741 1078 1799 in
1094 1741 1244 1799 istamre·.

10 1870 12 1905 :
41 1843 156 1923 pionem
177 1851 365 1921 penetrasse.
387 1872 429 1886 ·-
449 1843 533 1903 liihil
553 1845 696 1905 differunt
718 1846 755 1905 ab
776 1847 872 1916 ltalia,
895 1855 1017 1905 caetera
1030 1844 1121 1903 etiam
1138 1843 1237 1901 victus

41 1949 163 2018 ratione,
181 1966 399 2026 §umerumque
420 1957 451 2007 et
471 1949 724 2026 suppellectilium
745 1960 905 2028 apparatu,
927 1952 1018 2008 etiam
1039 1967 1111 2007 num
1132 1947 1238 2005 eodem

41 2060 172 2121 utentesa
200 2054 338 2128 quamvis
360 2070 495 2130 cogens
517 2054 548 2112 in
569 2053 645 2112 duos
667 2055 808 2127 distincta
830 2055 870 2113 sit
890 2053 1096 2130 principatus,
1117 2050 1238 2128 Bogda·

39 2156 114 2215 uiam
133 2155 294 2233 videlicet,
316 2165 347 2215 et
366 2158 537 2234 Regioncm
558 2158 739 2216 istrianam:
761 2158 840 2217 baud
862 2168 961 2217 tamen
984 2172 1080 2231 aequo
1101 2156 1182 2212 inter
1203 2172 1237 2212 se

36 2256 101 2333 iure
120 2258 255 2321 vivunt!
275 2262 316 2319 llt
335 2260 464 2319 inferius
486 2263 589 2319 relata·
601 2262 782 2338 Peloponesi
804 2271 835 2320 ct
854 2261 1001 2319 Boeotiae
1022 2258 1237 2333 occupatione,

38 2363 171 2423 subiicit:
191 2365 345 2441 „Pindum
365 2374 498 2424 montem
518 2366 624 2426 Blachi
645 2365 790 2433 incolunt,
813 2365 922 2443 quibus
944 2362 1048 2422 eadem
1064 2363 1236 2422 cumDacis

37 2478 82 2529 est
99 2469 224 2547 liugua,
254 2486 311 2527 neo
332 2469 493 2546 quidquam
514 2488 532 2528 a
553 2471 648 2529 Dacis
655 2510 666 2542 ,
695 2471 746 2548 qui
767 2473 881 2529 istrum
902 2468 1040 2527 accolunt
1060 2467 1167 2525 differe
1187 2484 1235 2526 co·
1263 2486 1283 2533 a

37 2570 252 2651 vomuntur?
272 2572 396 2630 Nicetes
411 2580 511 2630 autem
526 2570 562 2630 de
578 2573 694 2631 lsaaoio
703 2574 821 2650 Angelo
836 2573 974 2631 scribens
985 2569 1102 2647 Mysos
1116 2589 1171 2628 eos
1186 2589 1236 2646 ap-

37 2676 141 2753 pellat,
165 2695 183 2736 a
200 2677 375 2753 provinciae
392 2676 531 2744 nomine,
552 2677 597 2735 uti
612 2685 642 2735 et
653 2677 807 2735 Leonicus
822 2676 951 2745 Dacos,
965 2676 1085 2733 dicens:
1103 2664 1235 2743 „Haemi

36 2780 144 2839 nontis
171 2779 292 2840 accolas
322 2779 383 2838 sibi
412 2789 444 2838 et
472 2782 609 2839 Romano
638 2782 840 2857 (Byzantiuo)
867 2780 995 2856 imperio
1016 2779 1234 2838 infestissimos

37 2881 179 2952 reddidit,
208 2884 260 2959 qui
281 2884 353 2942 olim
373 2881 475 2958 lipsi,
504 2900 583 2979 urpnc
604 2883 712 2942 Blachi
731 2882 952 2945 nominantur.”
972 2885 1059 2943 Anna
1080 2901 1154 2942 vero
1178 2883 1234 2941 Co·

36 3000 150 3055 mnena,
171 2986 294 3056 mulier,
317 3004 394 3064 quae
416 3004 505 3047 secus
527 2988 620 3045 multa
642 2988 711 3056 scit,
725 2986 783 3046 lrac
804 2987 833 3045 in
856 3004 892 3045 re
914 2986 1040 3064 quodam
1063 2986 1164 3063 gentis
1185 2986 1234 3044 de·

38 3100 137 3165 spectu
159 3107 246 3148 suem
268 3099 395 3150 conatur
415 3100 522 3169 tegere
544 3092 713 3151 inscitiam:
741 3090 893 3160 ,Alesios
915 3090 1042 3148 Caesari
1062 3090 1233 3166 Nicephoro

38 3193 243 3264 mandaverat,
271 3202 307 3253 ut
328 3213 416 3272 mem
435 3196 583 3274 plurimos
602 3178 729 3273 posset,
751 3194 959 3254 conscriberet
979 3193 1113 3273 milites,
1134 3212 1193 3253 non
1216 3214 1232 3249 e

38 3299 202 3366 romanis,
224 3296 280 3357 sed
300 3316 416 3376 novos,
438 3307 470 3359 et
490 3309 616 3359 eatenus
638 3308 781 3376 expertes
801 3298 893 3366 belli,
915 3316 1031 3376 genera
1051 3301 1119 3375 ipsa
1140 3298 1233 3357 subti-

39 3396 102 3460 litor
121 3400 291 3479 explicans,
313 3419 353 3461 ex
374 3402 484 3481 quibua
505 3403 562 3469 bos
583 3404 651 3463 lieri
672 3403 808 3467 delectus
829 3403 962 3462 tironum
985 3403 1102 3472 mallet,
1124 3421 1231 3478 nempe

78 3777 105 3845 ⁶)
121 3777 187 3831 lloc
203 3777 341 3845 probatur
356 3768 452 3831 uerbis
468 3777 555 3845 Regis
572 3770 717 3842 Joannitil‚
735 3780 783 3846 qul
799 3794 832 3832 se
849 3782 1004 3833 Romanum
1022 3779 1168 3849 profitens,
1183 3782 1232 3845 ius

10 3883 12 3887 ·
125 3866 156 3920 in
179 3880 300 3934 reguum
317 3880 349 3918 se
366 3867 471 3919 babere
488 3866 706 3919 haereditarium
723 3867 899 3928 affirmabat,
923 3875 1021 3935 utpote
1045 3869 1092 3934 qui
1110 3867 1144 3920 ab
1162 3870 1235 3920 aritia

125 3955 193 4023 spuis
208 3955 335 4023 Regibus
353 3959 593 4019 scamoniam
611 3963 640 4008 et
657 3960 785 4010 Samuele
803 3956 1000 4018 descendebat,
1019 3971 1090 4024 quos
1109 3956 1231 4022 alioquin

125 4044 212 4097 etlam
228 4046 373 4097 llomauos
390 4044 480 4096 fuisse
497 4045 631 4111 oportuit.
648 4046 718 4101 Vide
736 4046 798 4100 eius
816 4047 851 4101 ad
862 4045 1229 4115 Pepemlnnocentiumlll.

23 4190 26 4195 ,
125 4133 261 4202 epistolas
280 4128 397 4188 interius
416 4132 560 4203 adoratas.
971 4128 975 4137 '
1140 4146 1146 4153 ·
