2746 4604
118 183 357 245 rarmtnottonas
370 192 431 245 tam
448 184 653 247 Substantluls
664 194 754 269 quam
768 185 933 250 Adiactlvls
945 204 1128 254 commanos.
1165 194 1223 261 tot

61 342 185 406 asama,
206 335 319 397 sectere
339 337 457 406 sossio,
478 353 616 399 aaaron
637 337 798 408 nativitas,
821 357 968 402 crescere
987 341 1223 422 incrementum,

60 440 150 499 satire
170 440 285 510 sensio,
298 442 409 518 „petire
429 442 542 517 passio.
1180 494 1188 503 ,.

130 539 239 619 ORE,
266 560 284 602 a
304 542 417 603 Verbis
439 563 478 603 ex
498 544 670 622 praesenti,
700 544 870 615 abstracta,
898 555 1009 609 statum
1029 550 1066 609 ab
1087 551 1223 611 externis

60 646 132 705 tusis
153 645 384 705 determinatum
404 647 577 717 indicantia,
598 649 657 707 uti:
678 650 796 711 medere
817 651 925 731 sudor,
947 652 1079 713 dulcore
1098 653 1229 735 dulcor,

60 747 140 807 'dore
160 749 257 817 albor,
278 750 388 809 amo're
408 770 504 820 amor,
525 753 636 811 team
657 755 760 833 timor,
778 757 891 832 pretore
905 763 1004 831 putor,
1026 756 1123 816 odore
1137 759 1223 836 odor,

60 869 160 911 acore
179 870 295 922 mucor,
315 872 428 913 recore
449 856 655 936 refrigerium,
676 876 794 936 sapore
810 876 911 934 sapor,
932 857 1065 935 torpore
1077 861 1223 938 languor,

60 953 137 1014 dore
159 955 262 1031 dolor,
293 975 390 1017 onore
412 956 524 1030 bonor,
553 980 702 1027 somnore
723 961 939 1038 somnolentia,
967 979 1078 1023 umore
1097 962 1224 1033 humor,

60 1076 148 1136 rpore
168 1077 271 1135 vapor.
295 1062 378 1131 (Non
399 1061 458 1121 huc
478 1065 645 1139 pertinent:
669 1064 783 1125 arbore
804 1064 914 1133 arbor,
938 1063 1047 1142 tepore
1066 1064 1183 1140 lepus.)

131 1161 267 1234 TORE,
287 1162 426 1240 Sotira,
449 1184 467 1223 a
487 1166 620 1237 Verbis,
641 1187 680 1227 cx
700 1170 808 1245 supino
830 1169 963 1244 antiquo,
984 1178 1135 1238 concreta,
1156 1187 1224 1245 por·

60 1285 126 1327 tnas
150 1277 275 1344 agentes
297 1268 474 1338 indicantia,
503 1289 631 1348 quorum
652 1289 730 1332 nune
751 1273 849 1333 forma
869 1271 1016 1331 adiectiva
1036 1273 1108 1345 oriar
1134 1274 1225 1331 soria

60 1373 129 1448 agis
157 1371 187 1431 in
216 1389 273 1430 usu
295 1380 359 1451 eat,
389 1374 449 1431 uti:
480 1379 611 1436 cantore
630 1375 682 1433 vel
702 1377 851 1435 cantoriae
877 1383 999 1443 cantor,
1024 1376 1147 1452 pictore
1167 1374 1223 1443 ‚vel

61 1468 165 1533 ctoriae
185 1477 294 1552 pictor,
317 1475 472 1536 creditore
493 1479 543 1536 vel
564 1477 735 1537 creditoris
754 1478 903 1547 creditor,
925 1482 1074 1537 curatore
1093 1476 1143 1537 vel
1165 1495 1226 1545 oas-

60 1581 314 1649 conconatur,
336 1584 444 1640 actore
464 1579 515 1638 vel
535 1583 660 1643 actoris
680 1590 784 1650 actor,
806 1584 996 1660 imperatore
1014 1581 1066 1641 vel
1085 1582 1225 1660 impera·

60 1684 114 1742 riu
133 1681 188 1751 vel¹
204 1683 363 1761 imperatu
382 1685 558 1760 imperator,
578 1689 727 1745 senatore
746 1684 797 1744 vel
816 1687 982 1745 senatorias
999 1695 1140 1755 senator,
1161 1702 1225 1745 cu-

60 1789 129 1844 tore
149 1785 199 1844 vel
220 1787 381 1846 auditoria
401 1788 530 1857 auditor,
552 1789 706 1867 scriptore
726 1788 777 1847 vel
795 1791 968 1868 scriptoria
986 1790 1127 1866 scriptor,
1146 1807 1226 1867 pro·

60 1907 173 1948 assare
195 1891 246 1949 vel
264 1892 469 1968 professoria
489 1886 658 1969 professor,
680 1890 807 1952 doctore
827 1912 856 1951 v.
872 1892 1016 1953 doctoriu
1036 1874 1154 1963 doctor,
1175 1892 1226 1953 dr·-

60 1998 155 2053 rctore
172 2013 204 2057 v.
227 1992 399 2054 directoriu
420 1996 572 2065 director,
595 2014 727 2054 censore
747 1999 945 2055 necesaria
965 2015 1091 2066 censor,
1113 2000 1226 2056 autore

60 2100 211 2157 ,catorio
231 2107 353 2168 auctor,
377 2104 510 2179 pastore
529 2117 559 2163 v.
578 2101 727 2177 pastoria
748 2109 869 2176 pastor,
900 2104 1052 2160 venatore
1072 2119 1103 2165 v,
1125 2116 1226 2160 aena·

60 2190 114 2260 rire
133 2210 269 2260 venator.

132 2301 278 2381 TRIOE,
299 2306 397 2365 torma
417 2304 581 2366 foeminina
601 2306 835 2366 masculinorum
855 2305 894 2364 in·
903 2308 982 2375 tore,
1003 2324 1058 2382 pro
1074 2324 1133 2383 qua
1145 2323 1226 2368 nanc

60 2409 220 2486 equentias
242 2408 400 2469 adhibetur
421 2390 569 2469 adiectiva
590 2411 673 2469 toria
691 2410 741 2468 vel
763 2426 876 2488 graeca
897 2413 1044 2485 teresse,
1074 2410 1137 2467 uti:
1164 2400 1226 2468 iba-

60 2514 189 2571 eratrice
217 2531 246 2572 v.
276 2514 486 2592 imperatessc
512 2514 709 2591 imperatrix,
736 2514 915 2593 peccatrice
941 2531 970 2572 v.
989 2513 1175 2591 peccatoria
1195 2532 1226 2573 v.

60 2619 204 2676 eccatosa
224 2619 396 2694 peccatrix,
418 2618 563 2676 ostetrice
585 2614 764 2687 obstetrix,
776 2618 895 2677 actrice
915 2617 1031 2686 actrix,
1054 2617 1229 2677 cantatrice

60 2720 205 2791 tutatrix,
225 2719 391 2781 saltatrice
411 2720 569 2805 saltatrix,
590 2722 756 2783 meretrice
775 2722 940 2792 meretrix,
959 2721 1086 2782 nutrice
1106 2722 1227 2793 natrix,

60 2819 185 2887 lectrice
205 2826 342 2885 Beatriaa.
448 2808 451 2817 ¹

111 2994 410 3074 'terminationes
434 3011 509 3074 tam
534 2993 785 3073 Substantivis
810 3022 916 3103 quam
940 2992 1144 3073 Adiectivis
1205 3027 1208 3033 ’

135 3140 139 3147 ·
481 3144 485 3151 ·
522 3136 741 3187 communes.

132 3229 220 3294 101]
253 3229 349 3303 1021,

135 3330 182 3420 a)
204 3276 399 3397 §ubstantiva
421 3356 439 3396 a
458 3331 653 3405 Nominibus,
687 3336 818 3395 indicant
837 3337 1012 3414 ¹qualitatem
1039 3340 1124 3418 eius',
1152 3340 1229 3418 quod

80 3440 191 3500 radice
211 3443 380 3514 nunciatur,
395 3441 486 3520 longa
507 3441 680 3517 penultima,
701 3440 762 3498 uti:
783 3438 941 3500 tamarica
960 3441 1136 3512 lumbricus,
1158 3460 1230 3502 aaa·

60 3543 134 3602 tices
154 3541 326 3614 umbilicus,
348 3544 468 3604 lentico
489 3545 616 3611 clitoris,
638 3543 785 3601 mendicat
797 3543 961 3622 mendicus,
982 3547 1238 3622 omicaamicas,

60 3648 175 3707 mica
194 3648 331 3718 formica,
354 3648 457 3707 torisa
479 3649 583 3716 lorica,
605 3648 835 3715 aesicaresioa,
856 3645 970 3705 lectica
985 3648 1103 3720 lectica,
1124 3651 1230 3709 urtice

60 3753 151 3824 *tica3
178 3750 263 3809 brevi
282 3752 463 3828 penultima,
490 3751 550 3808 uti:
581 3749 708 3807 cantica
728 3749 896 3825 canticum,
921 3751 1054 3827 persico
1073 3753 1229 3829 persicos,

60 3857 166 3915 astices
185 3855 385 3924 involuerum,
400 3855 514 3914 fasciae
520 3873 531 3932 3
543 3853 650 3931 patira
663 3852 805 3921 frustum,
821 3851 1139 3931 petioticafemorale,
1160 3871 1232 3912 ma·

60 3963 111 4019 Fac
132 3959 269 4028 manica,
296 3959 411 4038 pedica
430 3958 550 4036 pedica,
578 3957 702 4017 musica
722 3957 857 4026 musica„
885 3956 1043 4037 dominica
1064 3956 1230 4041 dominica,
1283 3948 1285 3953 ’

60 4063 161 4123 edica
181 4062 314 4134 medica,
342 4062 465 4142 pellica
485 4061 583 4138 pulla,
604 4059 737 4139 fabrica
757 4060 891 4132 fabrica,
924 4058 1065 4123 baselica
1085 4059 1230 4143 basilica,

60 4165 190 4247 mplum.
