2746 4604
86 164 142 228 xu

85 304 186 367 Dacia
205 301 285 364 bello
306 298 451 362 Decebali
472 299 548 360 viris
570 309 654 360 esset
673 295 820 374 orbanula
827 340 839 378 ,
860 301 1009 361 ’10010000
1033 300 1070 361 01
1092 299 1285 379 frequentari

87 407 157 468 dam
177 407 265 478 hauc,
287 406 387 467 decies
409 414 535 482 centena
551 396 650 463 ¹millia
670 423 813 480 passuum
829 405 860 462 in
878 407 1005 473 01000110
1025 405 1194 475 habentem,
1215 426 1285 483 pro·

86 512 228 582 vinciam,
250 529 289 570 ex
309 520 373 571 toto
394 511 467 570 orbe
487 511 624 569 Romano
645 508 777 567 infinitas
799 527 835 568 eo
857 511 960 586 copias
980 508 1134 596 hominum
1153 519 1286 571 transtu·

87 614 176 687 ierat,
199 616 236 674 ad
256 634 350 693 agros
372 622 402 673 01
421 613 514 672 00100
536 609 705 672 colendas.’'

188 719 384 778 Ptolomaeus
403 719 433 777 in
462 736 518 776 sna
538 714 734 794 Geographia
752 713 888 772 nominat
906 715 988 773 ultra
1018 714 1215 791 quadraginta
1231 732 1286 773 nr·

90 819 163 890 bes,
185 821 300 880 'Pabula
319 818 553 897 Peutingeriana
573 820 637 876 iere
660 817 885 894 quinquaginta,
907 819 986 877 haud
1006 829 1105 878 tamen
1127 837 1232 877 omnes
1249 820 1285 878 it-

90 923 137 984 las
159 941 340 1000 0000000000,
361 941 436 1002 quas
457 924 651 982 Ptolomaeus
672 929 816 989 noverat,
845 923 922 981 unde
943 933 1045 981 mutua
1066 924 1145 981 10010
1167 922 1285 999 supple·

90 1030 173 1090 tione
193 1031 231 1089 ad
251 1030 453 1108 septuaginta,
476 1029 654 1105 etamplius
677 1025 849 1086 ascendunt
870 1027 1015 1102 Ulpianus
1037 1027 1074 1084 im
1082 1027 1233 1104 Digestis,
1248 1025 1287 1084 de

64 1161 67 1168 ·
91 1131 241 1192 00001100
262 1133 356 1191 Libro
377 1134 400 1192 1.
423 1131 450 1212 ᾖ.
472 1135 494 1196 8
515 1133 596 1196 019.
622 1131 710 1190 docet
730 1131 862 1207 quinque
889 1130 1087 1207 complurium
1109 1130 1216 1188 harum
1237 1147 1286 1188 co·

87 1234 241 1296 loniarum
261 1236 359 1296 ltalici
375 1235 456 1310 juris
477 1237 592 1296 fuisse:
613 1235 670 1305 „In
691 1234 788 1293 Dacia
809 1250 927 1309 quoque
947 1235 1146 1292 Zernensium
1168 1232 1288 1292 colonia

90 1356 111 1399 a
130 1340 363 1398 Divo2Traiano
384 1339 525 1407 deducta,
548 1336 629 1411 juris
658 1336 755 1395 Italici
781 1345 839 1399 001.
866 1337 1138 1414 Zarrninegethusa
1167 1353 1286 1414 quoque

89 1442 231 1503 eiusdem·
242 1441 322 1516 juris
344 1451 403 1501 est:
424 1443 498 1501 item
518 1441 705 1518 Napocensis
727 1439 846 1498 colonia
866 1448 898 1497 et
917 1440 1092 1518 Apuleusis,
1115 1449 1147 1498 et
1166 1440 1286 1499 Patavi·

89 1547 227 1606 00001οι0
247 1548 349 1616 vicus,
378 1547 429 1623 qui
448 1565 467 1604 a
487 1546 567 1604 Divo
589 1544 706 1635 ¹Severo
723 1541 775 1616 jus
796 1541 932 1602 coloniae
952 1543 1150 1619 impetravit.”
1171 1544 1284 1602 100001-

89 1650 219 1728 0110000,
242 1667 369 1727 quarum
389 1649 469 1707 ultra
489 1648 643 1718 ducentas,
657 1649 687 1705 in
711 1645 880 1710 solaDacia
900 1647 1026 1730 centrali
1046 1648 1185 1706 inventae
1201 1657 1283 1717 sunt,

967 1734 1093 1810 donatas
1113 1753 1222 1816 fuisse,
1250 1753 1283 1810 In

86 1853 137 1917 bis
159 1865 321 1917 occurrunt
341 1857 463 1914 nomina
483 1873 540 1914 sex
559 1854 732 1932 legionum,
762 1870 839 1930 quae
860 1855 897 1912 ad
917 1857 1069 1915 tutandam
1089 1856 1284 1916 Provinciam

86 1959 126 2020 ab
147 1956 335 2037 Imperatore
356 1961 479 2018 luerunt
498 1960 690 2027 constitutae,
714 1957 848 2016 scilicet:
870 1958 894 2016 1.
915 1959 1096 2028 Adiutricis,
1118 1961 1165 2023 V.·
1182 1958 1284 2017 Mace·

86 2061 229 2133 donicae,
251 2065 306 2123 171.
327 2064 492 2139 1710101010,
514 2064 583 2122 1711.
606 2062 765 2131 claudiae,
793 2062 889 2121 XXX.
910 2064 1050 2122 Valentis
1071 2063 1237 2132 victricis,
1253 2070 1283 2122 et

86 2166 335 2244 frequentissime
355 2168 439 2226 xlll.
453 2163 622 2236 Geminae,
643 2168 663 2226 1.
688 2184 719 2225 0.
748 2185 786 2224 ex
801 2167 915 2225 duabus
929 2168 998 2226 aliis
1018 2168 1164 2226 conflatae
1170 2185 1182 2242 3
1206 2183 1284 2249 quae

86 2271 216 2330 testibus
232 2269 340 2330 iisdem
361 2272 572 2330 monumentis¹
586 2271 676 2330 etiam
698 2270 829 2329 Gemina
849 2271 978 2346 Ulpiana
999 2270 1077 2328 dicta
1097 2280 1154 2328 est.

186 2375 365 2433 Provinciae
385 2374 476 2443 huic,
495 2352 574 2451 'quae
595 2376 675 2432 inter
695 2375 843 2451 Augusti,
864 2394 923 2434 000
946 2375 1086 2445 Senatus,
1108 2373 1282 2434 numeraba-

86 2483 137 2538 100
156 2475 340 2555 provincias,
363 2476 496 2552 adeoque
517 2477 641 2535 militari
662 2476 887 2553 gubernabatur
907 2479 1007 2555 modo,
1030 2488 1059 2537 01
1076 2480 1171 2536 Dacia
1181 2478 1282 2555 Augu·

87 2587 136 2640 010
156 2578 381 2656 appellabatur,
410 2581 560 2639 Traianus
580 2581 728 2656 praefecit
747 2581 981 2657 Propraetorem
1001 2582 1044 2640 lt
1067 2582 1281 2661 Scau-riarum,

88 2683 140 2762 qui
161 2684 251 2742 etiam
271 2684 457 2742 Procurator
477 2685 535 2742 1011
556 2684 679 2760 collegii
700 2685 917 2754 Aurariarum,
940 2685 1017 2761 quod
1033 2687 1201 2761 Imperator
1215 2704 1282 2744 con·

88 2788 229 2847 stituerat
250 2787 286 2844 ad
306 2786 440 2847 laborem
461 2789 669 2865 operariorum
690 2789 908 2852 metallicorum
931 2789 1129 2866 dirigendum,
1144 2791 1229 2847 cuius
1240 2788 1281 2847 uti

88 2899 121 2951 01
140 2891 314 2950 officialium
337 2892 471 2950 eirrsdem
491 2893 733 2970 praecipuorum,
755 2909 860 2967 nempe
881 2892 1032 2951 Praefecti
1054 2893 1119 2950 sive
1135 2893 1281 2950 Procura

86 2994 164 3055 10010
184 3003 215 3052 01
227 2994 364 3072 Patroni,
386 2994 662 3071 Subprocuratoris·
679 3006 709 3057 01
729 2997 925 3064 Decurionis,
946 2997 1077 3071 itemque
1098 2995 1281 3052 Triumviro-

85 3115 155 3158 0000
175 3096 384 3170 Mouetalium,
405 3101 586 3160 coactorum
606 3101 683 3160 Auri
703 3099 870 3169 Lustralis,
887 3099 907 3159 i.
933 3117 959 3157 e.
982 3099 1088 3176 quovis
1109 3098 1207 3155 lustro
1223 3099 1282 3156 lto·

86 3218 168 3262 mem
182 3203 373 3279 deportandi,
395 3212 426 3263 et
441 3203 642 3280 Quaestorum
657 3213 718 3264 010,
729 3202 977 3280 frequentissima
992 3202 1022 3261 iu
1037 3201 1186 3278 lapidibus
1202 3219 1282 3259 men·

87 3306 132 3367 110
147 3306 229 3365 facta
242 3308 403 3383 reperitur.

189 3410 267 3469 Viae
288 3410 435 3487 lapidibus
455 3420 587 3482 stratae,
610 3430 735 3490 quarum
759 3421 824 3470 1000
846 3408 1013 3472 transibant
1028 3408 1219 3484 Danubium,
1240 3408 1283 3467 uti

87 3511 328 3574 0010100000
341 3515 588 3593 Peutingeriana,
609 3534 663 3592 per
677 3524 775 3574 totam
785 3515 980 3575 decurrentes
993 3513 1189 3589 provinciam,
1202 3513 1284 3587 prin·

88 3615 201 3693 0100100
213 3614 380 3693 jungebant
394 3619 542 3698 civitates,
564 3615 876 3696 conditaeiBasilicam
894 3618 1029 3694 Templa,
1044 3616 1283 3692 Amphitheatra,

86 3719 224 3788 Balnea,
245 3720 457 3795 Aquaeductus
482 3732 560 3794 etc„
591 3741 717 3800 quorum
740 3724 850 3782 rudera
874 3721 962 3780 hodie
986 3740 1103 3798 quoque
1124 3722 1283 3796 uisuntur,

88 3823 248 3882 florentem
270 3824 325 3881 sub
345 3826 494 3904 Augustis
523 3828 693 3903 provinciae
716 3827 847 3885 indicant
867 3834 995 3895 statum,
1019 3843 1093 3904 quae
1106 3842 1164 3883 una
1175 3842 1213 3882 ex
1223 3823 1283 3899 pri·

87 3926 146 3987 tois
169 3935 199 3986 et
218 3925 430 4003 pulcherrimis
451 3931 531 3989 vasti
552 3940 618 3991 erat
638 3932 759 4007 imperii
780 3931 919 3989 Romani.

189 4030 308 4090 Floruit
327 4049 435 4091 verum
455 4018 531 4095 baec
551 4035 714 4110 prouincia,
729 4034 766 4093 ab
780 4034 866 4092 Anno
879 4033 972 4092 Urbis
988 4031 1124 4091 conditae
1138 4029 1208 4094 8511.
1225 4029 1283 4087 Ae·

84 4150 144 4202 000
164 4133 310 4212 uulgaris,
324 4136 396 4218 1011,
417 4155 475 4216 quo
497 4138 647 4200 ’10010000
669 4157 735 4201 eam
755 4137 951 4209 formaverat,
961 4134 1033 4198 ¹surb
1044 4135 1165 4214 optimis
1181 4133 1285 4195 01100·
