2746 4604
156 181 211 233 XX

258 317 327 379 lloc
347 327 482 396 tempore
503 319 660 397 proprium
679 320 848 378 Romanum
869 317 1028 394 imperium
1051 318 1081 376 in
1104 319 1220 376 oriente
1242 330 1362 395 quoqne

154 424 320 500 expiravit,
344 417 592 503 (supermanante
614 410 749 483 eiusdem
769 424 877 482 ambra
896 421 1046 500 usquead
1062 422 1210 480 decimum
1225 422 1362 499 quintum

160 526 341 603 saeculum.)
362 529 439 586 Nam
460 536 531 604 post
550 529 739 588 invasionem
760 528 965 607 Bulgarorum
973 569 985 605 ,
1007 536 1196 603 mortemque
1216 523 1361 585 Constan-

158 606 232 702 tini,
255 651 314 710 quo
337 631 433 690 adhuc
446 633 574 692 vivente
595 632 700 711 lingua
722 633 876 700 Romana,
903 630 1012 689 saltem
1033 631 1193 701 militaris,
1214 630 1245 688 in
1266 631 1361 689 Aure·

160 738 233 797 liani
249 738 347 796 Dacia
368 735 507 814 vulgaris
530 745 607 814 erat,
631 731 744 818 (aulica
765 737 844 794 enim
865 735 933 793 inde
956 753 973 792 a
994 736 1179 812 temporibus
1195 736 1295 796 Marci
1303 737 1361 795 Au·

160 842 230 900 relii
244 841 365 901 Graeca
386 848 464 915 erat,
486 856 564 917 quae
586 839 691 899 deiude
710 838 930 897 aDiocletiano
952 839 1123 899 formaliter
1137 840 1320 919 introducta,
1332 846 1366 898 et

159 943 277 1003 tardius
295 943 351 1001 sub
368 943 490 1002 Juliauo
510 962 572 1002 nna
594 959 662 1001 cum
675 944 796 1003 Graeca
809 942 1006 1019 Philosophia
1026 962 1081 1019 pro
1104 944 1367 1021 solalmperatore

160 1047 253 1125 digna
281 1046 385 1120 agnita
414 1055 462 1104 est
487 1040 537 1118 ⁴),
564 1045 716 1123 latineque
738 1046 821 1124 loqui
838 1046 1051 1119 jurisconsulti
1079 1026 1192 1107 tantum
1220 1048 1366 1125 permissi

161 1158 243 1223 sunt,
266 1151 317 1226 qui
339 1145 446 1208 Flavio
468 1149 644 1209 Justiniano
667 1150 801 1208 codicem
823 1150 987 1226 compilare
1003 1149 1127 1224 jubente
1150 1150 1285 1228 animati,
1305 1153 1365 1211 Ro·

161 1274 283 1314 manum
305 1255 467 1313 restituere
489 1272 549 1312 una
570 1271 638 1311 cum
659 1254 956 1332 linguaimperium,
978 1257 1054 1315 satis
1077 1257 1206 1332 quidem,
1229 1255 1283 1315 sed
1304 1256 1363 1315 im·

163 1368 229 1425 stra
250 1359 350 1417 conati
372 1364 453 1425 sunt,
477 1357 576 1446 omnia
598 1358 678 1415 enim
699 1376 824 1434 pessum
844 1358 936 1427 ibant,
958 1361 1141 1435 praesertim
1163 1379 1232 1420 cum
1247 1328 1360 1419 Phooah

163 1463 352 1539 tyrannidem
373 1447 480 1521 nactus
501 1454 583 1542 luit)
598 1462 628 1518 iu
650 1462 816 1538 provinciis
838 1462 875 1521 ad
896 1465 1056 1539 imperium
1078 1464 1297 1540 pertinentibus
1317 1481 1359 1541 po·

162 1571 244 1627 nitus
267 1567 418 1625 exstincta
439 1573 497 1624 est.

204 1725 209 1732 .
263 1670 394 1729 Romani
416 1684 494 1726 nunc
516 1684 584 1726 curu
601 1669 746 1746 Balgaris
762 1668 872 1744 juncti,
893 1672 1048 1747 propriam
1060 1674 1284 1749 constituerunt
1292 1688 1355 1730 ren·

163 1776 315 1854 publicam
325 1773 494 1848 Byzantina
510 1772 638 1847 imperio
661 1774 794 1832 maxime
815 1773 979 1843 inimicam,
1001 1792 1136 1853 suosque
1148 1779 1290 1836 concives
1301 1793 1355 1835 sen·

166 1883 283 1939 simeo
305 1877 511 1943 adduxeruut,
532 1884 567 1933 ut
588 1875 761 1934 Christiana
783 1879 1037 1952 amplecterentur
1059 1899 1165 1950 sacra,
1193 1880 1272 1959 quod
1292 1862 1370 1939 anno*

165 1986 265 2043 herae
285 1964 426 2058 vulgaris
450 1980 702 2065 octingentesimo
725 1983 920 2062 sexagesimo
943 1974 1045 2058 quinto
1067 1984 1260 2045 factumest.
1288 1961 1370 2058 Quae

167 2088 329 2149 conversio
361 2103 453 2143 causa
480 2084 537 2141 fuit
558 2082 689 2177 celebris
711 2084 794 2142 illius
817 2084 979 2143 scissionis
1001 2069 1081 2143 inter
1102 2088 1273 2146 Ecclesiam
1294 2085 1357 2146 occi·

168 2192 329 2268 dentalem,
351 2176 446 2259 idest,
467 2192 645 2257 Romanam,
667 2197 697 2246 et
719 2188 909 2265 orientalem,
931 2189 1027 2259 idest,
1048 2192 1264 2265 Byzantinam3
1282 2205 1357 2267 quau

168 2297 317 2364 Romani,
340 2296 391 2372 qui
412 2295 442 2353 in
465 2294 582 2362 sacris,
603 2293 674 2351 licet
695 2310 754 2351 non
774 2293 805 2351 in
828 2293 971 2369 politicis,
993 2312 1011 2351 a
1031 2295 1208 2369 Byzantinis
1229 2292 1359 2370 dependo·

170 2403 259 2469 bant,
281 2409 351 2475 post
372 2399 604 2457 conversionem
626 2415 752 2476 suorum
775 2397 944 2457 concivium
961 2396 1071 2475 jugum
1080 2399 1271 2458 Graecorum
1292 2396 1360 2474 peni·

171 2516 223 2565 tus
245 2513 389 2563 excutere
410 2503 566 2569 volentes,
588 2501 759 2568 Romanae,
782 2501 812 2558 id
834 2511 898 2571 est,
921 2520 1004 2570 suae,
1027 2511 1058 2560 et
1077 2520 1136 2560 non
1150 2503 1288 2562 Graecae
1304 2498 1362 2587 suh:

173 2627 244 2669 esse
265 2607 422 2666 Ecclesiae
444 2604 616 2673 maluerint,
640 2605 753 2663 Graeci
774 2614 874 2663 autem
896 2624 950 2665 eos
965 2624 983 2665 a
997 2608 1153 2682 proposito
1166 2606 1313 2665 abducere
1324 2620 1365 2691 cu·

91 2703 104 2713 ’
174 2720 293 2782 nantes,
316 2722 509 2788 quaecunque
523 2709 657 2786 maligna
678 2709 775 2785 potuit
795 2710 962 2785 producere
984 2711 1160 2787 imaginatio
1181 2710 1218 2768 de
1238 2688 1371 2769 molenh-

175 2815 321 2877 linxerint
340 2817 495 2892 Romana,
521 2813 622 2890 itaque
645 2812 745 2872 odium
767 2815 936 2873 excitantes
957 2815 1109 2874 infelicem
1131 2815 1323 2873 causaverint
1339 2810 1370 2873 il·

99 2924 102 2933 “
177 2921 237 2981 lam
260 2919 493 2995 separationem,
516 2934 593 2993 quae
616 2916 735 2991 quidem
756 2927 907 2976 momento
930 2918 1006 2994 ipsis
1027 2917 1101 2975 nihil
1119 2906 1243 2997 profuit,
1266 2927 1297 2977 et
1313 2932 1372 2995 sup

167 3043 270 3087 ‘cessa
291 3022 439 3098 temporis
461 3020 514 3079 vel
534 3020 698 3096 plurimum
720 3022 841 3098 nocuit,
869 3020 919 3080 vel
940 3030 974 3079 ut
993 3022 1097 3080 verius
1119 3022 1296 3098 loquamur,
1326 3038 1351 3078 er

179 3131 300 3206 penitus
322 3125 479 3183 exstinxit.

280 3230 411 3306 Balgari
432 3227 491 3286 hoc
511 3226 583 3285 fidei
602 3227 723 3286 vinculo
743 3229 890 3287 Romanis
907 3227 1002 3286 adhuc
1019 3229 1157 3287 strictius
1171 3231 1259 3301 uniti,
1279 3231 1355 3308 Reg

183 3354 303 3416 quoque
325 3333 398 3391 suos
420 3348 460 3389 ex
481 3330 530 3388 his
552 3330 669 3407 eligere
690 3331 878 3401 maluerunt,
906 3333 1050 3391 virtutem
1072 3343 1102 3392 et
1122 3334 1313 3408 prudentiam
1342 3360 1359 3382 v

185 3458 253 3499 rum
278 3434 511 3512 conspicientes.
539 3433 719 3491 Nominatus
740 3435 843 3516 itaque
864 3444 913 3494 est
932 3438 999 3495 Rex
1027 3435 1177 3508 Simeon,
1205 3448 1277 3515 post
1296 3437 1364 3497 hut<

187 3639 587 3665 ...m

240 3811 272 3875 *J
291 3812 359 3865 'l'am
376 3811 418 3863 Μ.
435 3807 567 3862 Aurelius
585 3808 791 3876 Philosophus,
801 3825 885 3879 quam
896 3812 1077 3867 stantunus
1094 3817 1230 3884 Apostata
1244 3816 1330 3870 docta
1346 3836 1363 3857 υ

291 3914 379 3969 opera
396 3911 498 3965 graece
516 3905 754 3965 composuerunt,
771 3901 1013 3970 permiseruntque
1028 3904 1115 3957 latine
1132 3905 1301 3959 historiolae
1324 3918 1355 3956 so

293 3990 360 4042 here
378 3985 425 4037 ille
442 3986 599 4050 lustinum,
624 3986 670 4040 hic
687 3988 867 4058 Eutropium
884 3990 1078 4044 Diocletianus
1097 3994 1221 4060 quandiu
1237 3996 1350 4060 Impera
1369 4013 1373 4028 ·

296 4077 349 4129 luit
366 4078 482 4128 Romam
500 4074 589 4127 semel
606 4080 715 4126 tantum
731 4075 827 4129 videre
844 4076 942 4146 voluit,
960 4093 1012 4133 nec
1030 4086 1095 4132 tune
1107 4081 1182 4132 ultra
1197 4079 1271 4133 duos
1285 4095 1343 4133 me
1354 4098 1363 4120 υ

272 4162 321 4214 'tn
342 4165 415 4217 Urbe
434 4171 623 4218 commoratus
641 4170 695 4218 est.
