2746 4604
584 185 728 263 Syntuniu
750 184 925 246 dictionum.
1359 36 1366 345 Ι

492 373 720 425 SYNTAXlS
743 370 1009 424 V'ERBORUM.

140 506 145 515 '
250 512 384 589 Quodvis
407 513 598 571 ennneintnm
617 506 648 569 vi
669 509 785 585 Verbi,
817 526 874 585 quo
897 504 1008 583 aliquid
1029 482 1096 563 lieri
1120 511 1252 562 autnon
1280 501 1332 560 lieri

150 616 329 686 declaratur,
352 633 476 676 sensnm
497 612 664 694 perfeetum
687 613 826 691 acquirit.

249 719 384 778 Verbum
406 719 566 778 coneordat
589 734 656 775 enm
676 716 803 773 Nomine
826 723 878 772 ant
898 713 1081 773 Prunomine
1103 712 1134 768 in
1158 710 1333 768 Nomiuntlvo

149 839 221 881 eosu
243 823 353 898 posito,
375 831 516 901 tanquam
537 821 692 899 subiecto,
714 822 744 878 in
766 837 898 896 persona
918 828 948 876 et
969 836 1106 878 numero.

407 965 467 1043 De
492 961 671 1042 Perennis
697 960 851 1040 Numeri
877 959 1089 1065 singularis.

256 1129 284 1198 l.
313 1134 417 1194 Prima
443 1147 574 1213 persons
592 1143 757 1210 usurpatur
775 1138 1008 1210 quotiescunque
1032 1132 1161 1206 loquens
1184 1130 1252 1205 ipse
1271 1127 1333 1186 Sol·

149 1239 259 1298 ieetum
281 1227 426 1299 orationis
448 1240 560 1308 efficit,
581 1256 607 1297 e.
631 1257 663 1315 g.
1362 1292 1365 1323 Ι

149 1361 223 1438 Eyu
244 1373 286 1422 su
305 1363 482 1424 dominu’lu
503 1368 565 1422 teu.
624 1411 625 1415 ,
748 1364 813 1438 Ego
836 1378 903 1418 sum
926 1360 1063 1418 dominus
1085 1369 1167 1418 tuns.

147 1462 204 1524 Ntt
225 1467 335 1525 credits
356 1485 418 1546 quo
437 1470 509 1545 pole
532 1465 729 1545 urendoque
748 1467 815 1523 Non
837 1464 927 1522 eredo
949 1463 1061 1540 aliquid
1091 1463 1251 1539 pulchrius
1275 1479 1333 1520 esse

189 1570 225 1628 in
250 1575 371 1630 natura
400 1573 465 1631 mai
485 1572 635 1648 formoso
662 1565 727 1649 qud
787 1569 817 1626 in
841 1577 1057 1646 natura-qnam
1073 1577 1166 1645 eaput
1187 1568 1317 1628 hominis.

137 1729 145 1740 ,
191 1667 330 1752 eapu’lo
351 1673 433 1734 omsl
443 1673 498 1734 lui.
550 1656 552 1661 ⁵
912 1656 915 1663 ¹

151 1774 220 1851 θαι
233 1777 387 1853 dicuequ,
400 1794 437 1837 se
450 1777 576 1837 cadeso
590 1778 725 1854 sefaoo.
746 1776 823 1852 Quid
845 1795 903 1852 ego
926 1775 1005 1852 dieo,
1027 1782 1149 1851 oportet
1170 1776 1248 1837 fieri.

249 1918 279 1981 2.
310 1917 449 1976 Secunda
480 1936 611 1993 persona
631 1927 813 1995 usurpatur,
844 1934 933 1992 quum
963 1934 1138 1976 sermonem
1161 1917 1200 1975 ad
1221 1917 1334 1994 aliquem

147 2030 338 2098 praesentem
359 2030 411 2080 snt
432 2023 523 2080 etiam
544 2022 699 2080 absentem
720 2022 904 2098 dirigimus,
924 2022 985 2078 imo
1006 2020 1098 2078 otiam
1120 2021 1160 2079 ad
1181 2039 1234 2079 res
1253 2019 1335 2078 inani·

148 2133 264 2194 mntas,
293 2124 449 2184 dummodo
472 2143 524 2183 eos
545 2125 632 2185 nobis
650 2134 790 2202 tanquam
812 2126 893 2183 entis
916 2121 1117 2200 intelligentia
1139 2127 1335 2202 repraesento·

147 2246 233 2308 tuns,
254 2245 283 2292 e.
308 2247 341 2307 g.

150 2350 198 2411 Tu
219 2351 383 2412 suscribi
403 2351 500 2428 bene,
521 2347 645 2412 Putue.
747 2354 793 2411 'l'u
814 2372 873 2410 non
896 2352 1004 2412 scribis
1026 2353 1123 2421 hene,
1147 2352 1246 2417 Publi.

152 2452 240 2514 Vens
257 2452 330 2533 filiu
349 2472 423 2514 meu
442 2473 480 2514 so
498 2456 523 2514 ti
533 2459 650 2534 sponte
663 2474 726 2536 que
745 2459 825 2515 Veni
845 2458 887 2515 mi
908 2457 962 2524 fili,
984 2465 1017 2514 nt
1038 2454 1149 2526 dieam,
1173 2457 1242 2534 quid
1256 2465 1282 2514 te
1296 2455 1327 2514 lo·
1350 2532 1352 2539 Ι

189 2576 225 2616 oe
248 2557 325 2616 code
345 2576 383 2617 so
399 2560 501 2635 saei..
785 2579 854 2618 eere
877 2561 972 2622 decet,

117 2701 120 2710 ·
150 2657 337 2729 odontitis,
368 2661 499 2740 quondo
520 2663 544 2720 tt
564 2660 681 2720 adduci
701 2680 723 2721 a
743 2663 909 2732 Odomine,
932 2663 1048 2739 qnando
1065 2663 1272 2724 rominiseeris
1285 2682 1320 2722 no·
1364 2681 1367 2699 ¹

189 2763 351 2822 mentedo
369 2761 447 2824 stoi!
482 2766 485 2771 ’
688 2774 693 2783 ’
785 2768 896 2825 strum!

146 2855 725 2947 Sortednoeeeademepereeeutore!
745 2871 834 2941 Sors,
855 2886 945 2930 cesso
964 2887 1013 2928 me
1033 2873 1197 2950 persequi!
1248 2926 1251 2933 .
1346 2896 1349 2903 ·

147 2966 246 3028 Flore
262 2970 419 3046 formosa,
440 2976 561 3051 quantu
580 2971 619 3029 de
636 2988 722 3048 pau-
742 2972 847 3031 0'll0s
868 2971 1008 3049 pulcher,
1039 2991 1130 3050 quum
1160 2992 1264 3051 parum
1286 2970 1317 3031 de·

188 3280 357 3357 traiecutn,
371 3279 522 3341 emblema
536 3280 574 3340 de
589 3279 653 3341 ello
663 3299 723 3341 no-
763 3334 766 3339 .
783 3292 918 3346 nostrae.

164 3416 167 3421 >
188 3385 258 3442 stra
277 3383 402 3442 vinetia.

246 3507 276 3575 3.
298 3509 403 3566 Tertia
423 3526 553 3584 persona
573 3519 747 3587 usurpetur,
769 3510 838 3568 dum
859 3509 894 3569 de
916 3513 1056 3587 personis
1070 3523 1126 3574 sut
1141 3514 1235 3574 rebus
1254 3519 1315 3573 extra
1345 3495 1367 3548 V

146 3611 330 3688 loquentium
352 3611 511 3687 sphaeram
532 3613 731 3675 existentibus
754 3633 855 3674 sermo
876 3615 929 3691 fit,
952 3635 978 3676 e.
999 3635 1030 3695 g.
1087 3682 1092 3689 ,

146 3732 247 3794 Neme
261 3751 307 3792 nu
322 3733 408 3794 solta
428 3736 558 3815 quando
578 3757 595 3796 e
615 3740 720 3809 triste,
741 3739 835 3798 Nemo
849 3739 940 3800 saltat
953 3742 1065 3812 tristis,
1072 3753 1124 3803 ost
1134 3743 1260 3804 Marem
1270 3742 1317 3807 dds
1348 3752 1367 3831 ’1

123 3864 128 3879 ·
187 3855 262 3896 nero
282 3835 401 3896 Marcu
419 3837 538 3917 planae
558 3840 721 3920 quondue
784 3844 899 3920 quando
920 3854 969 3905 est
989 3845 1106 3907 lustitia
1127 3849 1249 3925 plenus,

182 3938 285 4019 plenu
305 3940 344 3999 de
364 3939 480 4003 latetis.
1343 3918 1367 4041 ἶ

146 4041 348 4103 Numeru'lo
374 4039 474 4101 eteile’
488 4043 563 4104 lares
593 4064 611 4104 e
633 4047 721 4123 forte
741 4050 899 4110 Numerus
913 4054 1068 4112 stellarum
1101 4065 1151 4127 est
1172 4056 1318 4131 valdeumt·
1350 4098 1367 4141 ι

135 4148 150 4225 J
188 4163 294 4215 mure,
323 4152 355 4206 et
381 4145 480 4225 quelli
506 4151 570 4209 moi
593 4150 722 4219 sublimi
785 4173 873 4233 gnus,
890 4165 920 4216 et
933 4157 1064 4227 monime
1079 4161 1317 4237 sublimesdstre
1351 4187 1367 4216 ι
