2746 4604
128 137 211 195 Mssll

128 279 296 358 emm
321 252 931 356 orsoeepamsteuuse-oqnms
948 270 1121 356 penem-c
1140 276 1333 338 rostanno
1371 315 1372 318 κ

130 383 161 441 in
184 398 308 459 quoquo
326 379 406 441 bello
427 380 598 458 lmpa'rator
619 400 741 460 semper
761 382 900 443 habitura
931 383 1041 460 qnippe
1061 381 1113 458 qui
1134 379 1262 440 modicis
1285 397 1330 440 ec·

128 488 201 564 piis,
222 486 430 565 magnitudine
451 488 544 546 animi
565 495 596 546 et
616 487 777 564 sapientia,
795 501 936 548 necnon
956 469 1119 544 excubentl
1139 500 1266 542 suorum
1280 485 1331 543 mi·

131 591 217 650 litum
238 592 368 667 virtute,
391 595 561 652 'furcarum
582 591 694 650 bellum
715 592 769 650 vix
790 590 973 650 christianis
995 586 1134 647 omnibus
1155 587 1330 663 tolerabile,

131 690 253 772 pr‘auter
273 695 406 754 omnium
429 695 616 772 opinionem,
645 696 712 754 sine
732 697 803 755 ullie
824 705 969 754 externae
991 693 1093 771 gentis
1115 692 1258 767 auxiliis,
1286 692 1331 750 diu

132 798 292 868 toleravit,
321 807 494 876 tantamque
518 798 641 888 assidue
663 798 741 859 bello
763 799 987 876 provinciarum
1009 795 1161 870 jacturam
1182 796 1275 865 iecit,
1303 805 1332 855 ut

132 903 421 978 rlx‘auperessent,
451 903 503 978 qui
525 920 619 980 agros
641 902 803 963 colerent.”
825 897 854 986 *J
874 935 917 949 —
942 902 1009 960 Non
1032 899 1220 959 obstantibus
1230 891 1331 960 'tantis

132 1008 308 1083 Principum
328 1015 360 1065 et
380 1005 484 1082 populi
498 1007 671 1076 virtutibu's,
686 1009 780 1067 'Porci
796 1005 986 1066 multitudine
1000 1004 1222 1080 praevalentes,
1239 1022 1332 1081 grave

133 1126 222 1167 anum
243 1106 362 1167 tandem
384 1109 466 1168 cirea
491 1101 610 1174 initium
631 1110 746 1168 saeculi
766 1109 874 1168 decimi
897 1110 977 1168 sexti
998 1107 1061 1179 his,
1081 1108 1219 1167 melioris
1241 1109 1331 1168 fortu-

132 1230 191 1272 uae
211 1211 330 1290 dignis,
352 1211 562 1287 imposuerunt
581 1213 747 1288 provinciis
763 1213 883 1292 jugum.
973 1219 979 1239 '

233 1315 296 1374 Nec
316 1316 434 1375 felicior
455 1316 513 1375 luit
532 1333 604 1375 sors
625 1319 831 1376 Romanorum
860 1319 890 1376 in
911 1316 1077 1394 provinciis
1100 1315 1136 1374 ad
1157 1314 1332 1394 Hungariae

111 1416 113 1420 ⁴
133 1437 264 1497 regnum
292 1418 512 1496 pertinentibus
525 1460 535 1488 ,
549 1487 552 1492 A
564 1419 637 1479 licet
657 1422 813 1499 ingentem
840 1421 870 1479 in
899 1439 955 1480 suo
985 1422 1184 1499 compatriota
1204 1417 1333 1480 Jooone

121 1519 463 1593 ’Omninollanm'oda
471 1523 565 1582 totius
578 1523 666 1601 regni
676 1519 901 1584 ueternum
914 1533 944 1583 et
961 1524 1105 1584 centralis
1112 1523 1227 1584 Daciae
1236 1523 1334 1583 Proe-

127 1625 228 1703 secto,
248 1643 307 1684 non
328 1626 430 1685 solum
451 1644 537 1696 suae,
558 1645 666 1686 verum
687 1629 781 1686 totius
804 1627 888 1686 orbis
910 1627 1077 1688 christiani
1092 1614 1266 1698 libertatis,
1286 1627 1333 1685 ha·

131 1729 253 1789 buerint
280 1729 489 1795 defensoremt
520 1729 557 1788 de
587 1748 644 1808 quo
676 1733 780 1810 magni
808 1732 939 1790 nominis
959 1730 1137 1792 Historicus
1157 1732 1332 1791 Boniinius:

130 1831 206 1906 „Hic
224 1833 303 1891 enim
317 1831 455 1892 Valacbo
477 1841 574 1908 patre,
595 1843 693 1893 matre
713 1835 919 1895 veroGraeca
939 1844 1040 1910 natus,
1062 1833 1220 1908 industria}
1230 1844 1262 1894 et
1275 1835 1332 1893 vir·

8 1981 12 1989 .
46 1958 48 1965 ’
130 1933 194 1996 tute
215 1953 309 2014 supra
330 1936 464 1996 omnium
486 1937 657 2014 opinionem
679 1956 768 1997 suum
783 1939 1073 2018 genusillustravit3
1094 1930 1272 2014 parentibus
1286 1955 1332 1996 ne·

131 2054 280 2116 quaquam
302 2037 445 2130 obscuris·
465 2038 577 2099 editum
598 2040 759 2102 tradidere.
787 2043 880 2100 Pater
902 2060 1030 2120 namque
1059 2044 1139 2101 inter
1160 2042 1331 2110 Valacbos,

131 2142 182 2221 qui
204 2142 352 2202 Getarum
373 2145 587 2222 Dacorumque
607 2144 674 2204 loca
695 2161 775 2204 nunc
795 2144 949 2215 incolunt,
971 2154 1002 2204 et
1023 2166 1039 2205 e
1061 2147 1207 2205 Romanis
1231 2164 1331 2223 super·

131 2247 229 2305 luisse
251 2248 379 2321 colonis,
400 2249 494 2308 veluti
513 2249 637 2329 linguae
650 2250 815 2325 similitudo
830 2258 972 2319 testatur,
986 2267 1060 2309 sane
1074 2250 1249 2319 creduntur,
1272 2251 1329 2325 plu·

130 2351 241 2410 rimum
268 2351 347 2429 apud
374 2369 441 2411 eam
462 2362 585 2430 gentem
600 2347 742 2432 potuisse
763 2354 883 2414 dieitur.
914 2353 1031 2430 Quippe
1052 2355 1103 2430 qui
1125 2372 1184 2413 non
1207 2353 1329 2413 consilio

130 2454 231 2513 solum
251 2471 287 2514 ae
307 2455 400 2532 longa
421 2473 525 2514 rerum
546 2458 749 2534 experientia,
774 2456 828 2515 sed
849 2457 958 2534 opibus
980 2465 1011 2516 et
1031 2457 1183 2525 fortunis,
1207 2459 1329 2516 multum

130 2556 190 2614 sibi
212 2558 403 2617 auctoritatis
425 2568 671 2636 comparaverat,
692 2558 814 2619 assiduo
836 2558 916 2619 bello
941 2559 1126 2619 exercitatus
1138 2577 1198 2619 non
1210 2559 1278 2636 plus
1292 2559 1329 2617 di·

130 2661 293 2731 vltlarum,
321 2677 410 2740 quam
431 2663 563 2722 nominis
583 2682 600 2723 e
620 2661 804 2723 militaribus
826 2663 935 2723 studiis
964 2665 1031 2742 ipae
1061 2672 1267 2726 contraxerat.
1287 2658 1329 2735 ¹⁸)

180 2971 210 3038 ⁴)
225 2977 372 3038 Bononiae,
389 2978 490 3027 Iterum
507 2972 726 3032 Bosporicum
743 2971 1016 3035 Decennovium,
1033 2973 1146 3024 necoda
1160 2971 1212 3022 111.
1230 2971 1291 3022 uit.
1306 2971 1331 3020 6.

228 3063 300 3114 llem
318 3065 511 3124 Callimachus,
523 3064 565 3112 De
579 3061 658 3110 rebus
673 3061 807 3119 Vitalialoet'
821 3060 884 3110 Lat.
896 3063 927 3111 3.
1026 3077 1028 3080 ⁴

163 3145 209 3210 ⁴¹⁴¹)
226 3149 295 3202 Pius
313 3152 350 3202 11.
368 3157 460 3203 autem
477 3151 583 3217 asserit
599 3166 663 3205 eum
680 3150 755 3203 baud
773 3151 830 3202 alta
847 3149 882 3202 de
899 3149 989 3217 stirpe
1007 3155 1149 3202 creatum:
1169 3146 1336 3199 »uictoru-

230 3251 281 3290 nes
297 3238 557 3292 natloueValecbua
571 3240 624 3292 mit
640 3225 716 3292 baud
733 3238 799 3308 altis
817 3237 957 3290 natalibus
976 3245 1065 3303 ortus,
1083 3238 1134 3290 sed
1146 3236 1334 3302 ingeniodex-

229 3332 291 3378 tero
309 3333 339 3378 et
355 3327 450 3380 animo
466 3327 579 3380 sublimi
597 3334 626 3380 et
642 3327 757 3382 virtutis
774 3333 893 3392 amator,
909 3326 999 3378 multa
1016 3341 1079 3378 cnm
1093 3325 1194 3378 'furcis
1211 3322 1335 3376 secunda

229 3414 337 3482 proelia
353 3416 429 3478 fecit,
447 3423 476 3469 et
493 3417 617 3468 hostium
634 3415 736 3482 spoliis
753 3414 909 3481 hungarica
925 3414 1029 3481 temple
1047 3414 1156 3480 ditavit,
1169 3414 1333 3481 primusque

230 3505 354 3556 omnium
367 3503 761 3571 apudllungaroslurearum
777 3504 854 3557 aclea
872 3511 902 3556 et
917 3504 1010 3571 frangi
1028 3510 1057 3557 et
1072 3503 1147 3555 vinci
1163 3516 1332 3570 possemon·

230 3593 357 3646 stravit«.
375 3595 412 3646 Et
428 3593 565 3646 inferius:
583 3593 907 3658 »temnesnunnmusa
925 3592 1005 3645 ouius
1020 3606 1121 3645 nomen
1137 3598 1268 3645 caeterea
1284 3588 1329 3656 [vl

231 3696 279 3734 ros
296 3684 448 3748 ilungaros
466 3682 495 3733 in
513 3696 544 3734 re
562 3681 676 3734 militari
694 3681 800 3748 claros]
826 3681 987 3744 obnubilat,
1010 3696 1066 3733 non
1090 3687 1147 3732 tam
1171 3677 1328 3745 Hungaris,

229 3761 313 3838 puram
329 3769 472 3836 Valacbis,
490 3770 622 3837 equibus
634 3777 719 3822 natus
730 3777 799 3832 erat,
819 3770 939 3837 gloriam
947 3770 1036 3823 auxit.
1053 3768 1188 3822 Valaobla
1200 3778 1327 3836 perquam

228 3859 286 3913 lata
304 3859 382 3926 regio
400 3867 454 3923 eat,
472 3859 705 3912 a'l'ranesilvanla
724 3858 860 3926 incipiens
877 3873 969 3926 uaque
986 3859 1021 3910 ad
1039 3859 1181 3911 Euxinum
1199 3863 1327 3924 protensa

229 3948 357 4014 pelagus,
373 3950 456 4015 plana
473 3948 562 4001 ferme
578 3953 649 4010 tote,
666 3953 696 4000 et
711 3963 846 4014 aquarum
863 3947 995 4014 iudigna3
1013 3947 1094 4000 cuius
1107 3944 1253 3999 meridiem
1261 3945 1327 3995 letor

229 4034 334 4089 liuvius
352 4036 469 4104 excipit,
494 4037 725 4103 septemtrionem
741 4037 851 4090 Roxaul
868 4043 1023 4103 occupant,
1048 4050 1120 4104 qnos
1138 4042 1238 4088 nostra
1256 4040 1326 4087 aetat

228 4125 375 4180 Rutbeooe
392 4125 523 4194 appellet,
540 4129 570 4178 et
586 4139 689 4183 versus
706 4122 823 4179 fluvium
833 4125 947 4180 Tblram
963 4109 1326 4192 nomaneesbcytharumge·
