2746 4604
1039 268 1040 272 Ἴ
1156 195 1255 248 xxm

148 334 330 399 Melioribus
345 334 569 416 cognitionibus
585 332 718 394 imbutos
733 334 839 393 doctos
846 331 951 392 itallae
966 332 1136 409 reperimus
1150 333 1255 391 viros:

8 416 10 435 ³
56 434 273 499 Innocentium
292 437 356 501 111.
377 438 565 517 Pontificem
584 436 786 513 Maximum,
811 431 959 495 Aeneam
979 434 1128 512 Sylvium
1149 446 1256 513 postea

58 540 148 601 Pium
167 539 213 603 11⁶
233 542 415 604 Romanum
434 542 572 620 pontifi,
592 541 778 621 Philippum
786 537 1033 615 Callimachum,
1054 549 1085 598 et
1102 541 1266 616 imprimis

59 645 272 722 lepidissimum
290 643 466 707 Antonium
478 644 680 725 Bonllm'um,
709 655 740 709 et
753 643 976 705 recentioribus
989 644 1176 720 temporibus
1195 660 1257 702 ms·

8 721 14 823 ἱ
63 749 106 829 gni
125 750 259 809 nominis
280 747 497 810 Francorum
518 746 748 827 Grisellinum,
777 764 905 826 quornm
923 742 1153 825 irrefragabilia
1173 748 1259 806 testi·

8 905 16 941 ,Ι
63 854 152 912 nonis
167 851 233 925 jam
256 869 329 913 mox
349 853 549 914 adimemus.
580 853 684 912 blinns
705 854 848 912 instructi
874 851 923 910 bis
945 851 981 910 dc
1003 850 1096 910 rebus
1117 850 1259 910 videnlur

8 932 13 943 ο
63 955 143 1017 riclnl
163 956 285 1033 Polonl,
305 965 356 1015 ast
376 966 476 1016 tantm
498 951 623 1032 sinceri,
645 974 722 1033 quae
744 956 918 1029 sinceritas,
942 953 1019 1031 prob
1039 954 1143 1014 dolor!
1161 940 1258 1031 ⁴potis·

9 1094 15 1108 ·
64 1057 162 1117 duum
182 1057 373 1120 desideratur
394 1056 472 1134 apud
492 1057 679 1136 ilungaros,
708 1057 759 1133 qui
781 1059 874 1117 etiam
895 1075 1004 1118 nomen
1033 1059 1166 1116 nationis
1195 1057 1258 1133 ple·

64 1176 178 1238 rumque
199 1162 353 1221 occultare
374 1168 538 1230 conantur,
568 1168 600 1219 et
620 1159 671 1218 ubi
692 1161 833 1237 prolerre
855 1170 1024 1240 coguntur,
1047 1179 1166 1218 summa
1186 1178 1255 1219 cum

64 1263 216 1324 acerbitate
237 1265 371 1336 troium,
392 1281 543 1343 nunquam
565 1264 691 1327 omissis
713 1263 885 1328 invectivis.
905 1258 934 1340 ⁴)
960 1299 997 1312 -
1019 1265 1078 1323 Ast
1098 1264 1258 1324 redeamus
1311 1250 1315 1258 ’

65 1365 246 1428 claustram
267 1386 344 1429 rem.

624 1514 671 1581 4

152 1665 283 1728 820⁰qu
305 1666 481 1729 duodeclmo
503 1669 604 1728 Acrae
623 1669 763 1748 vulgaris
784 1670 915 1728 Romani
937 1669 968 1727 in
990 1685 1068 1727 nova
1087 1666 1185 1727 Dacia
1198 1668 1258 1726 slu-

67 1767 163 1829 rcllanl
183 1771 330 1849 degentes
347 1771 457 1851 jugum
473 1773 664 1833 Graecorum
681 1781 751 1850 post
764 1773 910 1832 ducentos
922 1772 988 1831 fere
1002 1789 1099 1830 annos
1112 1774 1257 1847 pertaesi,

16 1919 22 1931 .
67 1870 169 1933 luobus
190 1878 405 1951 praceuntibus
425 1876 572 1936 iratribus
587 1876 735 1955 PetroJet
748 1878 867 1936 Axiano
883 1893 969 1935 arma
985 1884 1191 1951 capessentes,
1207 1894 1259 1933 ex·

66 1988 233 2048 usurum,
255 1980 462 2059 adiunctisque
481 1981 539 2040 sibi
561 1982 693 2059 antiquis
716 1978 892 2044 concivibus
913 1980 1080 2058 Bulgarls,
1103 1981 1258 2055 proprium
1337 2039 1341 2047 ,

10 2072 32 2169 η’
66 2079 218 2145 lundarunt
235 2085 415 2162 Imperium,
435 2086 486 2145 rel
507 2087 608 2163 potius
630 2087 786 2163 antiquum
807 2085 1018 2146 restituerunt.
1050 2082 1116 2156 Quo
1138 2083 1259 2141 firmato

10 2180 22 2280 ,¹
66 2201 225 2266 securoque
244 2188 361 2247 reddito
384 2189 558 2248 Joannitius
579 2198 649 2266 post
670 2190 799 2253 fratrum
820 2196 950 2245 mortem
972 2188 1142 2259 imperator
1163 2186 1259 2242 nomi·

64 2297 153 2357 nutus,
174 2286 417 2350 ecclesiasticam
438 2309 558 2368 quoque
579 2289 768 2365 disciplinam
789 2290 953 2348 restituere
976 2289 1099 2362 cupiens
1117 2286 1153 2344 ab
1170 2290 1258 2348 Inno-

62 2393 214 2452 centlollb
228 2394 529 2454 RomanoPontillce
550 2371 719 2470 Legatione
741 2392 920 2462 honoratus,
942 2390 1048 2449 literas
1070 2392 1166 2456 eidem
1180 2394 1258 2450 scri·

60 2495 115 2569 psit
133 2495 291 2566 Pontifici,
320 2515 509 2576 regnumque
532 2515 620 2555 suum
641 2498 815 2566 Romanae,
845 2513 944 2573 aqua
965 2494 1001 2553 ab
1024 2494 1077 2555 illo
1100 2505 1256 2572 ternpore,

61 2613 112 2675 qno
132 2598 163 2656 ln
178 2602 417 2676 Byzantiuorum
438 2609 565 2660 venerat
585 2608 777 2677 potestatem,
798 2598 938 2660 avulsum
959 2607 1037 2675 erat,
1054 2601 1138 2660 vovit
1155 2602 1258 2661 Eccle-

57 2779 423 2802 m

11 2926 14 2981 3
101 2946 129 3016 l)
146 2951 247 3019 Excipi
264 2958 358 3020 tamen
376 2960 502 3006 ureretur
519 2954 662 3015 recentior
679 2953 865 3019 lstlnvanlius.
891 2953 971 3011 cidus
989 2954 1075 3015 uitro
1089 2956 1167 3006 xiii.
1185 2955 1255 3005 baec

151 3029 304 3094 balienturr
323 3030 422 3105 „Duas
439 3043 607 3106 Valaohlas,
625 3060 696 3111 quae
714 3047 769 3098 hoc
784 3050 911 3112 tempore
929 3044 1089 3096 Moldavlae
1106 3048 1135 3093 et
1153 3043 1257 3093 Trans·

151 3127 259 3194 alpinae
276 3129 387 3182 nomlne
405 3138 556 3184 censentur
572 3133 658 3184 slmul
676 3148 740 3185 curn
757 3131 973 3198 rlransylvanla,
998 3137 1110 3183 veteres
1129 3144 1185 3182 uno
1198 3132 1255 3181 Da·

151 3215 214 3269 else
228 3217 342 3269 nomine
360 3218 549 3288 appellabantl:
566 3220 710 3287 missuque
729 3221 757 3270 ln
776 3233 837 3272 eam
854 3223 1045 3274 Romanorum
1063 3220 1189 3272 colonias
1208 3220 1256 3270 dc-

150 3303 266 3368 ductss,
284 3312 397 3374 praeter
414 3307 560 3361 innumera
577 3307 753 3375 antiquitatis
771 3314 951 3360 monumenta
968 3308 1046 3361 saxis
1063 3314 1093 3360 et
1110 3307 1256 3359 marmori·

149 3391 208 3461 bus,
221 3392 327 3460 incisa,
351 3400 381 3447 et
398 3395 488 3448 adbuc
506 3396 645 3455 extantia,
674 3395 745 3448 illud
761 3397 847 3449 etiam
864 3404 1030 3464 argumento
1048 3403 1076 3448 et
1092 3395 1256 3448 testimonio

150 3487 204 3548 est,
221 3482 297 3549 quod
315 3481 425 3536 Incolae
441 3486 567 3537 Romana
579 3484 686 3551 lingna,
705 3498 872 3551 quamquam
891 3491 1035 3552 corrupta,
1044 3490 1172 3546 utuntur,
1185 3496 1258 3549 quac

149 3570 321 3637 lllqrsnlcm
338 3577 368 3623 et
384 3572 511 3626 Gallicae
528 3579 612 3640 atque
630 3572 714 3624 etiam
731 3573 846 3626 italicae
864 3574 935 3626 adeo
953 3573 1054 3624 similis
1071 3579 1132 3633 est,
1150 3577 1255 3624 utnon

149 3671 251 3726 magno
268 3658 366 3713 labore
383 3660 419 3711 ad
436 3667 561 3713 mutuum
580 3661 719 3712 sermonis
738 3661 937 3717 commercium
949 3660 1068 3727 intelligi
1079 3665 1174 3728 queat
1181 3659 1255 3711 Moi-

149 3744 231 3798 davia
247 3747 319 3799 marl
335 3748 433 3815 nigro,
459 3755 492 3802 ut
509 3762 584 3801 nune
600 3755 719 3814 vocant,
745 3762 797 3801 seu
814 3751 908 3801 Ponto
924 3748 1124 3801 Polemoniaco
1142 3748 1256 3814 propin·
1355 3738 1359 3747 '

150 3832 239 3898 quior,
256 3834 442 3902 Transalplna
453 3836 584 3887 Danubio
602 3836 775 3888 contermina
794 3843 848 3900 est,
866 3851 921 3904 quo
939 3836 1023 3889 etism
1037 3836 1195 3902 aBulgaria
1208 3850 1253 3886 se·

94 3912 97 3919 ⁴
149 3926 316 3986 paralum·
331 3923 549 3988 'l'ransylvanlae
567 3923 653 3975 urbes
670 3938 687 3975 n
704 3923 866 3976 Saxonibus
882 3923 1054 3986 incoluntur,
1071 3928 1253 3989 veteremque

149 4008 354 4063 firmanorum
371 4010 495 4078 llnguam
512 4011 643 4064 rctlnent.
661 4038 694 4048 -
712 4013 846 4064 Caeteras
868 4018 963 4079 partes
982 4011 1098 4064 Velacnl
1118 4017 1147 4062 et
1164 4011 1253 4062 Siculi

150 4093 363 4160 lnlrabltsnt,llll
372 4101 506 4166 Romana,
522 4099 659 4168 Ungarics
673 4100 701 4150 bi
715 4107 828 4154 utentes
846 4101 950 4168 lingua.
968 4103 1003 4151 Ν.
1014 4103 1171 4157 lacctantius
1180 4105 1252 4151 Pmo-

152 4187 254 4247 moise,
272 4188 394 4239 Historia
411 4192 498 4251 moni
516 4192 685 4252 Honoratior,
704 4191 764 4240 Lib·
784 4191 860 4240 xm.
