2746 4604
89 167 184 223 xxtv

92 306 174 387 uiae,
205 307 400 388 insigniaque
420 308 538 388 regalia
558 309 596 380 ab
617 309 671 376 illo
692 308 797 386 petiit,
827 326 903 387 quae
926 307 1016 393 etipsa
1037 304 1179 374 otunuit
1212 308 1292 370 lion·

36 475 38 480 ¹
81 409 192 470 ¹nullas
212 409 321 471 harum
343 413 534 473 curiosarum
556 413 752 489 epistolarum
773 410 823 471 hic
851 411 1018 490 attingendi
1045 410 1124 471 bend
1147 413 1293 489 inoppor-

90 522 197 574 tunum
217 515 284 574 fore
301 513 505 590 judicavimus
526 516 638 586 locum,
659 533 751 592 quum
770 524 929 593 praetcrea
944 515 1049 593 paucis
1067 514 1226 576 admodum
1240 534 1292 576 nc·

89 626 139 678 tae
161 619 234 699 sint,
256 627 287 677 et
307 636 452 697 magnum
471 597 620 679 historiae
640 627 808 697 propagent
828 618 939 679 lumen.

191 721 307 786 Scribit
328 723 408 782 enim
430 722 604 803 ¹Stephanus
625 722 772 797 Baluniup
793 724 825 780 in
848 723 954 782 Gestis
974 723 1141 783 iunocentii
1162 724 1291 783 tlt-lto·

89 824 171 884 meni
192 823 364 885 Pontificio:
394 825 496 896 „llum
517 834 618 885 autem
638 843 768 903 regnum
789 824 953 887 Biennium
982 837 1013 887 et
1037 827 1246 906 Bulgnrorum
1273 845 1292 889 a

89 928 281 1007 longissimis
303 938 388 988 retro
410 930 598 1007 temporibus
620 947 653 988 se
675 929 711 988 ab
733 928 903 990 obedientie
923 931 1006 991 sedis
1023 932 1208 1009 apostolicae
1222 929 1291 991 sub·

87 1033 246 1103 traxisset,
268 1033 418 1092 Dominus
439 1033 796 1110 Innocentius,tanquam
817 1035 915 1094 bonus
935 1045 1051 1112 pastor,
1067 1037 1192 1113 cupiens
1208 1053 1291 1095 erra·

86 1136 204 1197 bundas
226 1155 301 1196 orer
322 1136 358 1195 ad
376 1136 479 1197 eeulas
495 1138 653 1206 reducere,
667 1136 1291 1216 direxitDominicumArchipresbpterpm

86 1239 324 1311 Brundusinam,
345 1242 445 1299 virum
466 1241 496 1301 in
507 1241 628 1309 Graeca
648 1248 679 1299 et
687 1240 797 1299 Latina
816 1229 1083 1320 lingua-peritum,
1106 1243 1143 1303 ud
1164 1242 1290 1314 Jopnni·

84 1345 161 1403 tium
181 1345 344 1404 Dominum
364 1346 528 1404 Blacorum
549 1352 581 1403 et
600 1344 819 1421 Bulgarorum‚
840 1347 893 1423 qui
912 1367 931 1406 a
945 1347 1135 1407 Graecorum
1156 1346 1291 1409 dominio

87 1466 122 1507 se
144 1447 330 1508 subduxerat
349 1444 402 1522 *);
424 1468 478 1526 per
501 1466 590 1527 quem
610 1447 688 1531 tales
710 1450 739 1508 ei
758 1451 876 1509 litteras
899 1451 1080 1510 destinavitr

186 1553 338 1628 Respexit
357 1553 443 1612 Deus
464 1553 665 1619 humilitatem
687 1563 770 1625 tuam
799 1566 830 1615 et
858 1555 1066 1622 devotionem,
1095 1572 1186 1632 qnam
1214 1572 1292 1632 erga

85 1661 254 1718 Romanam
271 1657 440 1716 Ecclesiam
461 1652 661 1737 cognosceris¹
681 1659 827 1721 hactenus
849 1658 1004 1727 habuisse,
1025 1667 1056 1717 et
1076 1657 1292 1717 interntumnl·

85 1770 135 1823 tus
156 1760 284 1820 bellicos
306 1771 337 1821 et
358 1780 541 1839 guerrarum
562 1764 739 1823 discrimina
760 1781 819 1822 non
842 1763 941 1823 solum
973 1772 1111 1839 potenter
1139 1759 1294 1829 defendit,

84 1864 140 1925 sed
162 1873 192 1923 et
213 1865 453 1925 misericorditer
474 1875 506 1926 et
526 1867 709 1926 mirabiliter
729 1866 875 1930 dilatavit.
895 1868 959 1926 Nos
980 1876 1081 1926 autem
1093 1863 1195 1924 andito
1212 1863 1296 1941 quod

86 1969 123 2027 de
144 1968 238 2027 nobili
260 1969 346 2027 urbis
367 1970 484 2030 Romae
504 1972 647 2049 prosapia
668 1973 881 2049 progenitores
897 1973 939 2029 tui
956 1973 1107 2050 originem
1119 1976 1292 2037 traxerunt,

84 2081 117 2132 et
137 2081 176 2143 tu·
191 2072 228 2140 ab
250 2072 296 2131 ele
323 2082 355 2132 et
374 2075 533 2152 sanguinis
555 2075 795 2156 generositatem
817 2075 1021 2145 contraxeris,
1040 2084 1072 2135 et
1084 2054 1227 2134 sincerae
1240 2073 1292 2134 de·

134 2400 164 2468 ⁸>
182 2400 240 2452 Sed
257 2414 313 2452 non
329 2407 362 2452 ut
380 2401 577 2455 Marescalcus
594 2399 774 2457 (iodolredus
791 2403 1060 2458 ville-Hardoulnus
1076 2409 1166 2469 putat,
1185 2389 1283 2470 qulsat

184 2487 320 2541 malchis
337 2489 494 2542 instructus
511 2497 574 2542 erat
590 2492 624 2544 de
641 2492 738 2560 rebus,
755 2492 822 2545 licet
838 2493 961 2559 propriis
977 2492 1080 2543 viderit
1097 2491 1189 2546 oculis
1202 2494 1281 2544 Joan·

184 2575 301 2628 uitium:
318 2572 430 2643 „nprds
447 2591 500 2643 par
515 2578 536 2631 li
554 2579 662 2633 conseil
680 2581 730 2632 des
748 2579 834 2632 tirius
852 2587 881 2632 et
899 2580 948 2632 des
965 2580 1112 2648 Franpois‚
1133 2580 1186 2631 issi
1203 2580 1282 2631 l’Em·

184 2667 301 2732 peteres
315 2666 411 2718 Alexis
423 2665 440 2717 is
452 2667 523 2718 mult
542 2674 626 2733 grant
645 2668 820 2734 compalgnie
834 2669 869 2720 de
884 2669 1112 2734 Constantinople
1130 2683 1183 2735 por
1202 2669 1280 2719 l'ltm·

184 2753 245 2821 pire
262 2754 384 2822 aequiter,
402 2762 430 2807 et
447 2762 537 2807 metre
550 2753 567 2807 d
579 2771 613 2818 sa
627 2757 751 2810 volente.
768 2758 846 2809 Avec
863 2756 955 2809 luten
969 2758 1024 2809 alla
1039 2763 1122 2824 grant
1134 2755 1226 2822 partie
1236 2756 1282 2806 des

73 2903 78 2912 Ι
184 2843 306 2908 Barons,
323 2848 352 2896 et
364 2843 466 2896 l’autre
478 2849 585 2896 remeet
597 2858 649 2910 por
666 2845 734 2896 l’ost
747 2844 859 2911 garder.
881 2870 915 2882 -
932 2871 966 2919 .-
979 2845 1018 2896 Et
1037 2843 1151 2895 sachiez
1174 2856 1228 2909 que
1252 2855 1281 2894 cn

186 2934 247 2988 cele
265 2935 361 3001 psilon
379 2935 571 3002 t’ttmpereres
592 2935 676 2997 alla„
688 2936 741 2987 ene
756 2934 843 2989 tuitii
863 2933 952 2985 Grieu
971 2932 1006 2984 de
1024 2931 1100 2983 l'une
1118 2937 1182 2997 part
1200 2937 1229 2983 ct
1251 2929 1282 2981 de

183 3023 286 3075 l’antre
294 3023 349 3076 des
362 3022 437 3074 Brea
450 3021 582 3085 viudrent
592 3021 608 3075 a
620 3023 661 3074 lui
674 3030 702 3076 et
714 3022 731 3075 i
743 3038 796 3076 son
812 3021 1039 3083 comandament,
1053 3025 1081 3072 et
1092 3018 1109 3070 a
1119 3034 1154 3071 sa
1163 3020 1283 3072 volente.

182 3112 222 3165 itt
240 3113 261 3164 ll
278 3112 362 3166 flrent
376 3113 463 3165 tealte
475 3119 505 3167 et
518 3114 638 3180 homage
653 3127 714 3191 com
730 3111 747 3165 da
760 3112 804 3164 lor
817 3111 940 3176 seignor
945 3145 954 3173 ,
973 3112 1033 3162 fors
1047 3110 1186 3161 solement
1200 3109 1283 3161 Jona-

155 3230 157 3234 >
182 3202 228 3254 nis
244 3203 290 3269 qul
311 3204 360 3255 ere
380 3203 435 3256 Boi
455 3202 490 3255 de
500 3202 602 3264 Blakie
618 3208 647 3254 et
662 3202 697 3254 de
711 3201 844 3266 Bougrie
866 3201 905 3252 Et
918 3199 956 3251 cll
969 3199 1090 3250 Johanis
1109 3198 1134 3248 sl
1151 3199 1216 3250 eres
1232 3211 1284 3248 uns

183 3289 285 3358 Bluqui
303 3291 351 3359 qui
368 3293 416 3343 ere
427 3292 543 3363 revolsa
560 3297 657 3345 contre
670 3305 722 3342 son
743 3302 810 3356 pore
834 3294 863 3342 et
882 3292 981 3343 contre
998 3302 1052 3339 son
1074 3287 1174 3349 oncle,
1199 3292 1227 3338 et
1244 3285 1284 3337 loe

184 3379 260 3438 avoit
277 3375 427 3446 guterroldn
449 3379 527 3446 vingt
548 3393 618 3444 ann3
644 3386 673 3433 et
688 3379 765 3432 avoit
776 3384 837 3431 tant
849 3377 884 3431 de
898 3377 924 3428 la
938 3383 1015 3428 terro
1035 3373 1154 3441 conquis
1174 3389 1226 3463 spr
1243 3376 1284 3426 als

184 3481 238 3536 que
255 3467 325 3522 Rols
342 3472 402 3519 s’en
418 3470 467 3521 erc
480 3468 532 3522 tait
545 3468 650 3521 richen.
668 3469 705 3520 Et
718 3467 833 3520 sachien
846 3481 900 3533 que
915 3466 949 3518 de
968 3463 1029 3518 cele
1041 3463 1132 3530 partio
1146 3463 1193 3515 del
1212 3464 1285 3515 Bran

144 3538 148 3549 “
184 3557 254 3609 Salo
266 3541 381 3623 Georgo
392 3556 492 3609 devers
505 3555 643 3619 occident,
660 3557 707 3622 poi
725 3571 760 3609 en
773 3556 878 3618 lalloit,
897 3568 950 3622 quc
963 3553 983 3604 ll
996 3567 1032 3604 ne
1052 3554 1107 3605 l’en
1131 3552 1208 3604 auoit
1225 3553 1285 3604 tolu

184 3642 254 3713 prds
271 3646 306 3698 de
319 3646 347 3697 ln
363 3645 468 3697 moltitie
497 3645 548 3698 lcll
561 3659 598 3698 ue
614 3645 675 3696 vint
686 3659 738 3710 pas
755 3643 775 3696 d
792 3659 826 3704 ss
841 3643 968 3704 volente,
986 3655 1022 3694 ne
1034 3639 1054 3692 d
1067 3656 1101 3693 se
1116 3640 1216 3693 merel.
1232 3644 1284 3692 Ht-

185 3739 267 3794 stor're
279 3739 312 3786 de
326 3738 446 3796 Gcoffroi
462 3737 691 3787 Villo-Hordeum
709 3736 738 3794 8,
757 3738 826 3788 1⁰5.
837 3741 864 3797 e!
880 3737 950 3784 106.

252 3825 429 3890 Quapropter
448 3823 629 3885 doctissimus
648 3824 695 3876 Du
717 3823 824 3892 Eresne
840 3826 918 3873 recte
940 3814 1152 3879 animadvertite
1175 3818 1284 3882 „Ville-

183 3911 332 3975 Hardouin
344 3907 416 3963 s'est
430 3911 536 3978 meprls
549 3911 677 3979 lorsqu’il
690 3910 740 3974 dit,
758 3925 812 3978 que
825 3911 897 3961 Jean
911 3911 972 3974 Roy
986 3909 1160 3976 deBulgarie
1174 3907 1284 3960 s’estoit

184 4001 294 4055 revolte
308 4006 408 4053 contre
420 4015 474 4054 son
487 3997 554 4067 pere
573 4005 602 4052 et
619 4005 718 4052 contre
731 4014 784 4053 son
807 3999 905 4062 oncle,
929 4005 1026 4051 contre
1048 3997 1211 4051 l’authorite
1234 3995 1284 4047 des

184 4091 329 4145 meilleurs
341 4090 515 4144 Eecrivalns.
532 4093 652 4142 Histoire
671 4094 705 4144 de
723 4091 853 4151 Μαρία
871 4093 904 4148 de
925 4089 1143 4148 Constantinum
1160 4101 1223 4141 roos
1244 4087 1286 4136 ter

179 4185 341 4242 Ernnereurs
357 4182 477 4246 ti'onpoie
491 4182 561 4232 Note
579 4183 649 4240 106,
