2746 4604
318 907 968 1040 Pmnuunnno

181 1209 246 1271 AD
273 1209 433 1274 IPSUM
460 1212 734 1277 'PENTAMEN
763 1211 1156 1277 GRAMMATICUM.

76 1667 213 1807 Huius
227 1724 353 1834 operis
370 1707 455 1862 tinia
470 1743 528 1808 est
528 1727 712 1834 ‚linguam
719 1729 928 1810 Romanam
943 1727 1054 1808 hodie
1067 1725 1107 1808 in
1122 1725 1262 1808 utrius·

10 1998 29 2017 ··
69 1979 183 2037 rorum
208 1937 437 2038 eruditorum
461 1960 691 2041 subiiciendi.
719 1961 890 2042 Omnia
878 1977 1002 2070 ltaque
1025 1958 1271 2068 seposuimus.

69 2066 272 2170 commenta,
296 2073 437 2168 varias,
451 2075 524 2155 sibi
548 2077 762 2186 plerumque
785 2077 1092 2172 contradicentes,
1119 2072 1261 2205 opinio·

65 2215 120 2268 nes
151 2207 344 2270 auctorum
376 2191 474 2271 haud
505 2190 578 2271 siti
625 2193 716 2272 satis
749 2193 1002 2272 consultorum
1044 2189 1263 2280 reiecimus‚

60 2299 177 2385 inanes
205 2335 333 2387 eorum
338 2307 517 2387 fabricas
532 2308 695 2387 funditus
711 2307 929 2405 evertimus,
953 2306 1193 2414 impurosque
1207 2302 1259 2383 ri·

58 2419 155 2500 tulos
185 2421 390 2501 siccitatem
423 2451 550 2502 secum
581 2424 772 2517 ferentes,
807 2424 847 2502 in
878 2421 1070 2530 proprium
1100 2420 1255 2500 nihilum

57 2531 164 2614 fluere
186 2535 360 2630 sivimus,
392 2554 430 2618 et
453 2539 592 2618 sontem
625 2539 746 2645 ipsum
777 2537 948 2643 adgressi
980 2564 1120 2616 sumus.
1152 2536 1253 2616 Hinc

10 2678 121 2833 q
56 2650 180 2745 onnia,
204 2680 280 2733 uon
302 2671 344 2735 ut
365 2655 474 2734 nobis
499 2671 563 2734 aut
586 2653 671 2732 aliis
684 2653 896 2761 placuisset,
922 2653 1170 2745 exhausimus,
1187 2650 1255 2730 sed

55 2779 89 2843 ut
108 2765 192 2875 ipsa
215 2787 333 2850 semet
355 2772 533 2878 praebent
557 2771 747 2850 elementa.
780 2768 893 2877 Siqui
914 2797 1008 2874 ergo
1032 2767 1141 2847 nobis
1161 2766 1254 2845 obii·

55 2906 130 2969 cerc
153 2885 305 2984 vellent,
330 2915 400 2966 nos
423 2887 638 2996 plerumque
662 2884 833 3020 reliquis,
857 2913 920 2993 qur
907 2883 1017 2965 hoe
1037 2883 1084 2962 de
1107 2880 1252 2965 obiecto

53 2991 322 3100 disseruerunt,
355 3003 542 3081 contraria
565 3002 828 3111 proposuisse,
862 3028 956 3109 qnos
987 2998 1158 3107 alioquin
1178 3025 1254 3076 non

52 3109 227 3209 timemus,
253 3146 364 3226 quum
386 3146 457 3226 pro
471 3118 629 3198 veritate
644 3144 869 3225 pugnemus,
889 3165 934 3183 —
949 3114 1021 3194 hoo
1038 3112 1165 3201 nonin
1181 3142 1251 3196 nos
1342 3138 1346 3149 ’

51 3229 165 3323 cadet,
188 3232 295 3311 sed
281 3261 322 3313 ιιι
344 3234 452 3333 illos,
477 3234 540 3344 qui
564 3234 644 3313 sive
667 3233 903 3340 ignorantia,
914 3231 996 3311 sive
1021 3230 1121 3311 inani
1145 3258 1249 3309 arro-

10 3354 17 3457 :o
50 3344 171 3447 guntia
194 3347 275 3426 ausi
300 3365 388 3428 sunt
411 3376 519 3428 sacro
544 3348 631 3428 huic
653 3348 882 3427 venerandae
913 3344 1153 3456 antiquitatis
1171 3364 1250 3428 moe

49 3478 215 3542 numento
239 3462 411 3544 violando
435 3465 610 3600 prqfanas
635 3492 724 3543 suas
755 3463 951 3543 admovere
981 3490 1133 3561 manus,
1163 3461 1249 3545 ham

48 3600 112 3681 qne
134 3577 281 3659 ratione
304 3579 472 3661 incautos
496 3580 535 3660 in
559 3608 727 3661 errorem
737 3580 898 3661 trahere
920 3579 1019 3661 Nam
1032 3607 1102 3658 nos
1116 3576 1249 3661 maiori

14 3691 223 3817 religione
242 3696 363 3795 ducti,
388 3695 512 3777 omnia
529 3691 672 3779 intacta
694 3695 933 3803 reliquimus,
958 3711 1088 3803 satque
1111 3693 1248 3773 fecisse

10 3790 301 3918 reputavimus,
326 3813 361 3892 si
385 3841 549 3922 eousque
571 3813 766 3921 pervenire
788 3813 989 3920 potuimus,
1013 3827 1055 3890 ut
1078 3836 1124 3892 ea
1146 3805 1247 3889 omni

42 3950 84 4003 eu
106 3943 214 4034 parte
238 3926 518 4038 conspiciamus,
543 3928 701 4038 aliisque
716 3927 976 4038 conspicienda
988 3924 1244 4035 praebeamus
1308 4010 1312 4020 ,

39 4040 188 4127 Poritos
211 4044 362 4152 linguae
385 4044 506 4153 prima
533 4043 604 4128 fuit
626 4043 801 4136 conditio
827 4044 928 4128 Hinc
950 4043 1089 4126 formas
1111 4037 1242 4148 genui·
