<?xml version="1.0" encoding="UTF-8"?>
<!DOCTYPE html PUBLIC "-//W3C//DTD XHTML 1.0 Transitional//EN"
    "http://www.w3.org/TR/xhtml1/DTD/xhtml1-transitional.dtd">
<html xmlns="http://www.w3.org/1999/xhtml" xml:lang="en" lang="en">
 <head>
  <title>
</title>
<meta http-equiv="Content-Type" content="text/html;charset=utf-8" />
  <meta name='ocr-system' content='tesseract 3.04.00' />
  <meta name='ocr-capabilities' content='ocr_page ocr_carea ocr_par ocr_line ocrx_word'/>
</head>
<body>
  <div class='ocr_page' id='page_1' title='image "./tentamencriticu00laurgoog_0096.png"; bbox 0 0 2746 4604; ppageno 0'>
   <div class='ocr_carea' id='block_1_1' title="bbox 287 183 1214 266">
    <p class='ocr_par' dir='ltr' id='par_1_1' title="bbox 287 183 1214 266">
     <span class='ocr_line' id='line_1_1' title="bbox 287 183 1214 266; baseline 0.013 -20"><span class='ocrx_word' id='word_1_1' title='bbox 287 183 335 246; x_wconf 84' lang='lat' dir='ltr'><strong>De</strong></span> <span class='ocrx_word' id='word_1_2' title='bbox 355 184 423 248; x_wconf 90' lang='lat' dir='ltr'><strong>ioco</strong></span> <span class='ocrx_word' id='word_1_3' title='bbox 443 195 476 247; x_wconf 84' lang='lat' dir='ltr'><strong>ct</strong></span> <span class='ocrx_word' id='word_1_4' title='bbox 495 186 744 266; x_wconf 66' lang='lat' dir='ltr'><strong>pronunciatione</strong></span> <span class='ocrx_word' id='word_1_5' title='bbox 762 189 923 252; x_wconf 79' lang='lat' dir='ltr'><strong>rorallum.</strong></span> <span class='ocrx_word' id='word_1_6' title='bbox 1171 190 1214 260; x_wconf 73' lang='lat' dir='ltr'><strong>id</strong></span> 
     </span>
    </p>
   </div>
   <div class='ocr_carea' id='block_1_2' title="bbox 52 311 1150 616">
    <p class='ocr_par' dir='ltr' id='par_1_2' title="bbox 52 311 1150 616">
     <span class='ocr_line' id='line_1_2' title="bbox 52 311 1150 414; baseline 0.009 -29"><span class='ocrx_word' id='word_1_7' title='bbox 52 325 89 406; x_wconf 66' lang='lat' dir='ltr'><strong>d,</strong></span> <span class='ocrx_word' id='word_1_8' title='bbox 208 325 302 396; x_wconf 86' lang='lat' dir='ltr'><strong>iacis,</strong></span> <span class='ocrx_word' id='word_1_9' title='bbox 406 325 516 407; x_wconf 74' lang='lat' dir='ltr'><strong>mulb&#39;,</strong></span> <span class='ocrx_word' id='word_1_10' title='bbox 606 328 709 400; x_wconf 88' lang='lat' dir='ltr'><strong>multi,</strong></span> <span class='ocrx_word' id='word_1_11' title='bbox 805 328 939 410; x_wconf 58' lang='lat' dir='ltr'><strong>planci,</strong></span> <span class='ocrx_word' id='word_1_12' title='bbox 988 311 1150 414; x_wconf 64' lang='lat' dir='ltr'><strong>pungis,</strong></span> 
     </span>
     <span class='ocr_line' id='line_1_3' title="bbox 52 427 1137 518; baseline 0.009 -29"><span class='ocrx_word' id='word_1_13' title='bbox 52 429 91 508; x_wconf 78' lang='lat' dir='ltr'><strong>lo&#39;,</strong></span> <span class='ocrx_word' id='word_1_14' title='bbox 119 442 130 459; x_wconf 87' lang='lat'><strong><em>‘</em></strong></span> <span class='ocrx_word' id='word_1_15' title='bbox 203 430 307 501; x_wconf 80' lang='lat' dir='ltr'><strong>rides,</strong></span> <span class='ocrx_word' id='word_1_16' title='bbox 403 435 514 512; x_wconf 79' lang='lat' dir='ltr'><strong>pasci,</strong></span> <span class='ocrx_word' id='word_1_17' title='bbox 606 427 728 511; x_wconf 73' lang='lat' dir='ltr'><strong>pascis,</strong></span> <span class='ocrx_word' id='word_1_18' title='bbox 803 437 909 513; x_wconf 63' lang='lat' dir='ltr'><strong>quoti,</strong></span> <span class='ocrx_word' id='word_1_19' title='bbox 1005 448 1137 518; x_wconf 73' lang='lat' dir='ltr'><strong>gustas,</strong></span> 
     </span>
     <span class='ocr_line' id='line_1_4' title="bbox 52 534 1150 616; baseline 0.009 -23"><span class='ocrx_word' id='word_1_20' title='bbox 52 535 109 613; x_wconf 74' lang='lat' dir='ltr'><strong>ui,</strong></span> <span class='ocrx_word' id='word_1_21' title='bbox 206 534 325 605; x_wconf 77' lang='lat' dir='ltr'><strong>fundis,</strong></span> <span class='ocrx_word' id='word_1_22' title='bbox 405 536 513 614; x_wconf 78' lang='lat' dir='ltr'><strong>molli,</strong></span> <span class='ocrx_word' id='word_1_23' title='bbox 604 539 732 609; x_wconf 91' lang='lat' dir='ltr'><strong>molles,</strong></span> <span class='ocrx_word' id='word_1_24' title='bbox 804 537 890 616; x_wconf 78' lang='lat' dir='ltr'><strong>albi,</strong></span> <span class='ocrx_word' id='word_1_25' title='bbox 990 542 1069 603; x_wconf 79' lang='lat' dir='ltr'><strong>sibi</strong></span> <span class='ocrx_word' id='word_1_26' title='bbox 1090 550 1150 605; x_wconf 87' lang='lat' dir='ltr'><strong>etc.</strong></span> 
     </span>
    </p>
   </div>
   <div class='ocr_carea' id='block_1_3' title="bbox 52 654 1210 1258">
    <p class='ocr_par' dir='ltr' id='par_1_3' title="bbox 52 654 1210 840">
     <span class='ocr_line' id='line_1_5' title="bbox 103 654 1210 746; baseline 0.013 -31"><span class='ocrx_word' id='word_1_27' title='bbox 103 654 142 739; x_wconf 74' lang='grc'><strong>2)</strong></span> <span class='ocrx_word' id='word_1_28' title='bbox 165 657 197 717; x_wconf 88' lang='lat' dir='ltr'><strong>in</strong></span> <span class='ocrx_word' id='word_1_29' title='bbox 218 659 317 719; x_wconf 87' lang='lat' dir='ltr'><strong>medio</strong></span> <span class='ocrx_word' id='word_1_30' title='bbox 331 669 401 720; x_wconf 86' lang='lat' dir='ltr'><strong>anto</strong></span> <span class='ocrx_word' id='word_1_31' title='bbox 415 661 556 728; x_wconf 88' lang='lat' dir='ltr'><strong>vocales,</strong></span> <span class='ocrx_word' id='word_1_32' title='bbox 578 677 647 722; x_wconf 92' lang='lat' dir='ltr'><strong>cum</strong></span> <span class='ocrx_word' id='word_1_33' title='bbox 661 661 769 740; x_wconf 89' lang='lat' dir='ltr'><strong>quibus</strong></span> <span class='ocrx_word' id='word_1_34' title='bbox 781 659 1000 746; x_wconf 71' lang='lat' dir='ltr'><strong>diphthongum</strong></span> <span class='ocrx_word' id='word_1_35' title='bbox 1013 654 1210 746; x_wconf 80' lang='lat' dir='ltr'><strong>impropriam</strong></span> 
     </span>
     <span class='ocr_line' id='line_1_6' title="bbox 52 763 661 840; baseline 0.005 -18"><span class='ocrx_word' id='word_1_36' title='bbox 52 763 123 833; x_wconf 70' lang='lat' dir='ltr'><strong>icit,</strong></span> <span class='ocrx_word' id='word_1_37' title='bbox 145 763 208 822; x_wconf 89' lang='lat' dir='ltr'><strong>uti.</strong></span> <span class='ocrx_word' id='word_1_38' title='bbox 658 828 661 840; x_wconf 20' lang='grc' dir='ltr'><em>Α</em></span> 
     </span>
    </p>

    <p class='ocr_par' dir='ltr' id='par_1_4' title="bbox 52 864 1190 1052">
     <span class='ocr_line' id='line_1_7' title="bbox 52 864 1190 949; baseline 0.008 -26"><span class='ocrx_word' id='word_1_39' title='bbox 52 869 100 948; x_wconf 70' lang='lat' dir='ltr'><strong>ta,</strong></span> <span class='ocrx_word' id='word_1_40' title='bbox 206 885 295 937; x_wconf 87' lang='lat' dir='ltr'><strong>area,</strong></span> <span class='ocrx_word' id='word_1_41' title='bbox 404 866 514 947; x_wconf 80' lang='lat' dir='ltr'><strong>palio,</strong></span> <span class='ocrx_word' id='word_1_42' title='bbox 607 868 711 946; x_wconf 87' lang='lat' dir='ltr'><strong>palea,</strong></span> <span class='ocrx_word' id='word_1_43' title='bbox 809 864 981 948; x_wconf 70' lang='lat' dir='ltr'><strong>caprinis,</strong></span> <span class='ocrx_word' id='word_1_44' title='bbox 1010 873 1190 949; x_wconf 84' lang='lat' dir='ltr'><strong>caprarius,</strong></span> 
     </span>
     <span class='ocr_line' id='line_1_8' title="bbox 52 972 1147 1052; baseline 0.006 -23"><span class='ocrx_word' id='word_1_45' title='bbox 52 972 111 1050; x_wconf 74' lang='lat' dir='ltr'><strong>ria,</strong></span> <span class='ocrx_word' id='word_1_46' title='bbox 207 972 314 1040; x_wconf 89' lang='lat' dir='ltr'><strong>vinea,</strong></span> <span class='ocrx_word' id='word_1_47' title='bbox 401 972 515 1050; x_wconf 78' lang='lat' dir='ltr'><strong>sacia,</strong></span> <span class='ocrx_word' id='word_1_48' title='bbox 607 972 723 1040; x_wconf 85' lang='lat' dir='ltr'><strong>iacies,</strong></span> <span class='ocrx_word' id='word_1_49' title='bbox 806 973 935 1052; x_wconf 73' lang='lat' dir='ltr'><strong>cerdic,</strong></span> <span class='ocrx_word' id='word_1_50' title='bbox 1007 975 1147 1046; x_wconf 79' lang='lat' dir='ltr'><strong>crambe,</strong></span> 
     </span>
    </p>

    <p class='ocr_par' dir='ltr' id='par_1_5' title="bbox 52 1056 1168 1156">
     <span class='ocr_line' id='line_1_9' title="bbox 52 1056 1168 1156; baseline 0.005 -22"><span class='ocrx_word' id='word_1_51' title='bbox 52 1073 166 1151; x_wconf 68' lang='lat' dir='ltr'><strong>beno,</strong></span> <span class='ocrx_word' id='word_1_52' title='bbox 207 1056 349 1146; x_wconf 86' lang='lat' dir='ltr'><strong>dulcedo,</strong></span> <span class='ocrx_word' id='word_1_53' title='bbox 406 1075 559 1152; x_wconf 81' lang='lat' dir='ltr'><strong>scientis,</strong></span> <span class='ocrx_word' id='word_1_54' title='bbox 607 1077 755 1145; x_wconf 85' lang='lat' dir='ltr'><strong>scientia,</strong></span> <span class='ocrx_word' id='word_1_55' title='bbox 806 1072 965 1155; x_wconf 64' lang='lat' dir='ltr'><strong>potentio,</strong></span> <span class='ocrx_word' id='word_1_56' title='bbox 1007 1072 1168 1156; x_wconf 83' lang='lat' dir='ltr'><strong>potentia,</strong></span> 
     </span>
    </p>

    <p class='ocr_par' dir='ltr' id='par_1_6' title="bbox 52 1176 1155 1258">
     <span class='ocr_line' id='line_1_10' title="bbox 52 1176 1155 1258; baseline 0.007 -22"><span class='ocrx_word' id='word_1_57' title='bbox 52 1179 113 1253; x_wconf 72' lang='lat' dir='ltr'><strong>rias,</strong></span> <span class='ocrx_word' id='word_1_58' title='bbox 208 1181 331 1249; x_wconf 92' lang='lat' dir='ltr'><strong>socius,</strong></span> <span class='ocrx_word' id='word_1_59' title='bbox 407 1180 516 1257; x_wconf 81' lang='lat' dir='ltr'><strong>socia,</strong></span> <span class='ocrx_word' id='word_1_60' title='bbox 609 1181 709 1249; x_wconf 84' lang='lat' dir='ltr'><strong>socia,</strong></span> <span class='ocrx_word' id='word_1_61' title='bbox 808 1176 977 1258; x_wconf 82' lang='lat' dir='ltr'><strong>scoietdte,</strong></span> <span class='ocrx_word' id='word_1_62' title='bbox 1010 1183 1155 1244; x_wconf 86' lang='lat' dir='ltr'><strong>societas.</strong></span> 
     </span>
    </p>
   </div>
   <div class='ocr_carea' id='block_1_4' title="bbox 52 1301 1210 2008">
    <p class='ocr_par' dir='ltr' id='par_1_7' title="bbox 52 1301 1210 2008">
     <span class='ocr_line' id='line_1_11' title="bbox 109 1301 1209 1381; baseline 0.009 -20"><span class='ocrx_word' id='word_1_63' title='bbox 109 1301 147 1374; x_wconf 81' lang='grc'><strong>3)</strong></span> <span class='ocrx_word' id='word_1_64' title='bbox 168 1303 199 1361; x_wconf 90' lang='lat' dir='ltr'><strong>in</strong></span> <span class='ocrx_word' id='word_1_65' title='bbox 214 1303 312 1362; x_wconf 84' lang='lat' dir='ltr'><strong>medio</strong></span> <span class='ocrx_word' id='word_1_66' title='bbox 331 1304 412 1362; x_wconf 88' lang='lat' dir='ltr'><strong>inter</strong></span> <span class='ocrx_word' id='word_1_67' title='bbox 428 1303 503 1362; x_wconf 87' lang='lat' dir='ltr'><strong>duas</strong></span> <span class='ocrx_word' id='word_1_68' title='bbox 518 1321 685 1373; x_wconf 84' lang='lat' dir='ltr'><strong>consonas,</strong></span> <span class='ocrx_word' id='word_1_69' title='bbox 701 1302 752 1362; x_wconf 90' lang='lat' dir='ltr'><strong>uhi</strong></span> <span class='ocrx_word' id='word_1_70' title='bbox 767 1305 855 1381; x_wconf 81' lang='lat' dir='ltr'><strong>quasi</strong></span> <span class='ocrx_word' id='word_1_71' title='bbox 870 1304 991 1366; x_wconf 83' lang='lat' dir='ltr'><strong>ebreus</strong></span> <span class='ocrx_word' id='word_1_72' title='bbox 1005 1306 1209 1378; x_wconf 80' lang='lat' dir='ltr'><strong>auditur,uti:</strong></span> 
     </span>
     <span class='ocr_line' id='line_1_12' title="bbox 52 1403 1139 1493; baseline 0.006 -28"><span class='ocrx_word' id='word_1_73' title='bbox 52 1405 134 1485; x_wconf 77' lang='lat' dir='ltr'><strong>tidu,</strong></span> <span class='ocrx_word' id='word_1_74' title='bbox 205 1406 363 1477; x_wconf 88' lang='lat' dir='ltr'><strong>humidus,</strong></span> <span class='ocrx_word' id='word_1_75' title='bbox 406 1403 558 1484; x_wconf 75' lang='lat' dir='ltr'><strong>limpido,</strong></span> <span class='ocrx_word' id='word_1_76' title='bbox 606 1407 765 1484; x_wconf 93' lang='lat' dir='ltr'><strong>limpidus,</strong></span> <span class='ocrx_word' id='word_1_77' title='bbox 807 1403 934 1486; x_wconf 79' lang='lat' dir='ltr'><strong>ne&#39;tidu,</strong></span> <span class='ocrx_word' id='word_1_78' title='bbox 1008 1412 1139 1493; x_wconf 87' lang='lat' dir='ltr'><strong>nitidus,</strong></span> 
     </span>
     <span class='ocr_line' id='line_1_13' title="bbox 52 1498 1163 1593; baseline 0.008 -25"><span class='ocrx_word' id='word_1_79' title='bbox 52 1511 149 1587; x_wconf 81' lang='lat' dir='ltr'><strong>riou,</strong></span> <span class='ocrx_word' id='word_1_80' title='bbox 205 1512 306 1581; x_wconf 86' lang='lat' dir='ltr'><strong>ierro,</strong></span> <span class='ocrx_word' id='word_1_81' title='bbox 406 1505 553 1590; x_wconf 74' lang='lat' dir='ltr'><strong>maiorica,</strong></span> <span class='ocrx_word' id='word_1_82' title='bbox 607 1511 740 1581; x_wconf 86' lang='lat' dir='ltr'><strong>manica,</strong></span> <span class='ocrx_word' id='word_1_83' title='bbox 803 1507 937 1590; x_wconf 79' lang='lat' dir='ltr'><strong>joidicc,</strong></span> <span class='ocrx_word' id='word_1_84' title='bbox 1006 1498 1163 1593; x_wconf 69' lang='lat' dir='ltr'><strong>judicat„</strong></span> 
     </span>
     <span class='ocr_line' id='line_1_14' title="bbox 52 1611 1149 1699; baseline 0.005 -25"><span class='ocrx_word' id='word_1_85' title='bbox 52 1617 129 1692; x_wconf 70' lang='lat' dir='ltr'><strong>rius,</strong></span> <span class='ocrx_word' id='word_1_86' title='bbox 204 1617 323 1693; x_wconf 83' lang='lat' dir='ltr'><strong>cogito,</strong></span> <span class='ocrx_word' id='word_1_87' title='bbox 405 1611 530 1691; x_wconf 67' lang='lat' dir='ltr'><strong>depiles,</strong></span> <span class='ocrx_word' id='word_1_88' title='bbox 605 1614 739 1692; x_wconf 78' lang='lat' dir='ltr'><strong>digitus,</strong></span> <span class='ocrx_word' id='word_1_89' title='bbox 802 1617 950 1694; x_wconf 70' lang='lat' dir='ltr'><strong>semipes,</strong></span> <span class='ocrx_word' id='word_1_90' title='bbox 1005 1618 1149 1699; x_wconf 75' lang='lat' dir='ltr'><strong>iumigo,</strong></span> 
     </span>
     <span class='ocr_line' id='line_1_15' title="bbox 52 1715 1147 1798; baseline 0.005 -20"><span class='ocrx_word' id='word_1_91' title='bbox 52 1721 149 1797; x_wconf 76' lang='lat' dir='ltr'><strong>once,</strong></span> <span class='ocrx_word' id='word_1_92' title='bbox 207 1730 337 1796; x_wconf 86' lang='lat' dir='ltr'><strong>pantex,</strong></span> <span class='ocrx_word' id='word_1_93' title='bbox 406 1717 583 1796; x_wconf 79' lang='lat' dir='ltr'><strong>auditoris,</strong></span> <span class='ocrx_word' id='word_1_94' title='bbox 606 1718 742 1787; x_wconf 83' lang='lat' dir='ltr'><strong>auditor,</strong></span> <span class='ocrx_word' id='word_1_95' title='bbox 806 1715 934 1798; x_wconf 70' lang='lat' dir='ltr'><strong>cioches,</strong></span> <span class='ocrx_word' id='word_1_96' title='bbox 1007 1723 1147 1795; x_wconf 82' lang='lat' dir='ltr'><strong>vicinus,</strong></span> 
     </span>
     <span class='ocr_line' id='line_1_16' title="bbox 52 1821 836 1902; baseline -0.003 -20"><span class='ocrx_word' id='word_1_97' title='bbox 52 1823 111 1882; x_wconf 88' lang='lat' dir='ltr'><strong>cin</strong></span> <span class='ocrx_word' id='word_1_98' title='bbox 127 1824 352 1902; x_wconf 81' lang='lat' dir='ltr'><strong>praepositione</strong></span> <span class='ocrx_word' id='word_1_99' title='bbox 369 1822 421 1899; x_wconf 81' lang='lat' dir='ltr'><strong>ic,</strong></span> <span class='ocrx_word' id='word_1_100' title='bbox 442 1823 554 1880; x_wconf 89' lang='lat' dir='ltr'><strong>eteius</strong></span> <span class='ocrx_word' id='word_1_101' title='bbox 572 1821 762 1899; x_wconf 90' lang='lat' dir='ltr'><strong>compositis,</strong></span> <span class='ocrx_word' id='word_1_102' title='bbox 776 1821 836 1880; x_wconf 87' lang='lat' dir='ltr'><strong>uti:</strong></span> 
     </span>
     <span class='ocr_line' id='line_1_17' title="bbox 52 1923 1210 2008; baseline 0.009 -26"><span class='ocrx_word' id='word_1_103' title='bbox 52 1923 171 2008; x_wconf 64' lang='lat' dir='ltr'><strong>repere,</strong></span> <span class='ocrx_word' id='word_1_104' title='bbox 186 1928 332 2005; x_wconf 86' lang='lat' dir='ltr'><strong>incipere,</strong></span> <span class='ocrx_word' id='word_1_105' title='bbox 347 1929 547 2008; x_wconf 69' lang='lat' dir='ltr'><strong>impropera,</strong></span> <span class='ocrx_word' id='word_1_106' title='bbox 566 1928 763 2007; x_wconf 80' lang='lat' dir='ltr'><strong>impungere,</strong></span> <span class='ocrx_word' id='word_1_107' title='bbox 776 1929 962 2008; x_wconf 78' lang='lat' dir='ltr'><strong>immutare,</strong></span> <span class='ocrx_word' id='word_1_108' title='bbox 977 1930 1140 1992; x_wconf 86' lang='lat' dir='ltr'><strong>immutare</strong></span> <span class='ocrx_word' id='word_1_109' title='bbox 1152 1941 1210 1993; x_wconf 88' lang='lat' dir='ltr'><strong>etc.</strong></span> 
     </span>
    </p>
   </div>
   <div class='ocr_carea' id='block_1_5' title="bbox 52 2050 1216 3272">
    <p class='ocr_par' dir='ltr' id='par_1_8' title="bbox 52 2050 1216 2384">
     <span class='ocr_line' id='line_1_18' title="bbox 104 2050 1216 2120; baseline 0.004 -17"><span class='ocrx_word' id='word_1_110' title='bbox 104 2051 181 2105; x_wconf 75' lang='lat' dir='ltr'><strong>Nota</strong></span> <span class='ocrx_word' id='word_1_111' title='bbox 199 2055 224 2105; x_wconf 85' lang='lat' dir='ltr'><strong>l.</strong></span> <span class='ocrx_word' id='word_1_112' title='bbox 240 2051 389 2105; x_wconf 85' lang='lat' dir='ltr'><strong>Reticetur</strong></span> <span class='ocrx_word' id='word_1_113' title='bbox 404 2051 451 2107; x_wconf 75' lang='lat' dir='ltr'><strong>inc</strong></span> <span class='ocrx_word' id='word_1_114' title='bbox 466 2055 585 2106; x_wconf 80' lang='lat' dir='ltr'><strong>Domino</strong></span> <span class='ocrx_word' id='word_1_115' title='bbox 600 2051 750 2118; x_wconf 84' lang='lat' dir='ltr'><strong>Dominus,</strong></span> <span class='ocrx_word' id='word_1_116' title='bbox 767 2055 886 2105; x_wconf 81' lang='lat' dir='ltr'><strong>Domino</strong></span> <span class='ocrx_word' id='word_1_117' title='bbox 902 2051 1039 2120; x_wconf 86' lang='lat' dir='ltr'><strong>Domina,</strong></span> <span class='ocrx_word' id='word_1_118' title='bbox 1056 2050 1216 2107; x_wconf 69' lang='lat' dir='ltr'><strong>vestimento</strong></span> 
     </span>
     <span class='ocr_line' id='line_1_19' title="bbox 52 2139 1212 2209; baseline 0.003 -18"><span class='ocrx_word' id='word_1_119' title='bbox 52 2139 221 2208; x_wconf 74' lang='lat' dir='ltr'><strong>timentum,</strong></span> <span class='ocrx_word' id='word_1_120' title='bbox 242 2144 376 2201; x_wconf 58' lang='lat' dir='ltr'><strong>voratore</strong></span> <span class='ocrx_word' id='word_1_121' title='bbox 394 2155 526 2208; x_wconf 86' lang='lat' dir='ltr'><strong>parcere,</strong></span> <span class='ocrx_word' id='word_1_122' title='bbox 543 2143 689 2193; x_wconf 78' lang='lat' dir='ltr'><strong>morsicara</strong></span> <span class='ocrx_word' id='word_1_123' title='bbox 706 2140 853 2206; x_wconf 85' lang='lat' dir='ltr'><strong>mordere,</strong></span> <span class='ocrx_word' id='word_1_124' title='bbox 879 2144 1010 2194; x_wconf 65' lang='lat' dir='ltr'><strong>collusore</strong></span> <span class='ocrx_word' id='word_1_125' title='bbox 1028 2139 1212 2209; x_wconf 77' lang='lat' dir='ltr'><strong>decumbere,</strong></span> 
     </span>
     <span class='ocr_line' id='line_1_20' title="bbox 52 2227 1214 2296; baseline 0.004 -18"><span class='ocrx_word' id='word_1_126' title='bbox 52 2231 176 2280; x_wconf 73' lang='lat' dir='ltr'><strong>sortem</strong></span> <span class='ocrx_word' id='word_1_127' title='bbox 204 2242 340 2296; x_wconf 85' lang='lat' dir='ltr'><strong>onerare,</strong></span> <span class='ocrx_word' id='word_1_128' title='bbox 365 2233 506 2282; x_wconf 73' lang='lat' dir='ltr'><strong>ocissicore</strong></span> <span class='ocrx_word' id='word_1_129' title='bbox 533 2241 663 2294; x_wconf 88' lang='lat' dir='ltr'><strong>movere,</strong></span> <span class='ocrx_word' id='word_1_130' title='bbox 685 2230 818 2288; x_wconf 77' lang='lat' dir='ltr'><strong>pissicore</strong></span> <span class='ocrx_word' id='word_1_131' title='bbox 842 2227 991 2294; x_wconf 80' lang='lat' dir='ltr'><strong>vellicare,</strong></span> <span class='ocrx_word' id='word_1_132' title='bbox 1015 2230 1214 2292; x_wconf 66' lang='lat' dir='ltr'><strong>locabotlicore,</strong></span> 
     </span>
     <span class='ocr_line' id='line_1_21' title="bbox 52 2309 1042 2384; baseline -0.004 -15"><span class='ocrx_word' id='word_1_133' title='bbox 52 2329 109 2369; x_wconf 88' lang='lat' dir='ltr'><strong>mm</strong></span> <span class='ocrx_word' id='word_1_134' title='bbox 125 2316 315 2376; x_wconf 82' lang='lat' dir='ltr'><strong>adscendere,</strong></span> <span class='ocrx_word' id='word_1_135' title='bbox 335 2321 475 2382; x_wconf 75' lang='lat' dir='ltr'><strong>quericcra</strong></span> <span class='ocrx_word' id='word_1_136' title='bbox 494 2328 640 2384; x_wconf 86' lang='lat' dir='ltr'><strong>quaerere,</strong></span> <span class='ocrx_word' id='word_1_137' title='bbox 657 2320 785 2378; x_wconf 84' lang='lat' dir='ltr'><strong>tentare,</strong></span> <span class='ocrx_word' id='word_1_138' title='bbox 805 2317 928 2367; x_wconf 83' lang='lat' dir='ltr'><strong>otltoeltc</strong></span> <span class='ocrx_word' id='word_1_139' title='bbox 946 2309 1042 2367; x_wconf 83' lang='lat' dir='ltr'><strong>ollula.</strong></span> 
     </span>
    </p>

    <p class='ocr_par' dir='ltr' id='par_1_9' title="bbox 52 2402 1213 2638">
     <span class='ocr_line' id='line_1_22' title="bbox 104 2402 1213 2473; baseline 0.002 -17"><span class='ocrx_word' id='word_1_140' title='bbox 104 2407 132 2460; x_wconf 77' lang='lat'><strong>2.</strong></span> <span class='ocrx_word' id='word_1_141' title='bbox 160 2405 194 2457; x_wconf 91' lang='lat' dir='ltr'><strong>ln</strong></span> <span class='ocrx_word' id='word_1_142' title='bbox 212 2406 303 2459; x_wconf 90' lang='lat' dir='ltr'><strong>medio</strong></span> <span class='ocrx_word' id='word_1_143' title='bbox 321 2405 395 2458; x_wconf 87' lang='lat' dir='ltr'><strong>inter</strong></span> <span class='ocrx_word' id='word_1_144' title='bbox 412 2405 482 2457; x_wconf 82' lang='lat' dir='ltr'><strong>duas</strong></span> <span class='ocrx_word' id='word_1_145' title='bbox 500 2404 614 2457; x_wconf 87' lang='lat' dir='ltr'><strong>vocales</strong></span> <span class='ocrx_word' id='word_1_146' title='bbox 632 2409 681 2456; x_wconf 91' lang='lat' dir='ltr'><strong>aut</strong></span> <span class='ocrx_word' id='word_1_147' title='bbox 704 2402 855 2466; x_wconf 85' lang='lat' dir='ltr'><strong>reticetur,</strong></span> <span class='ocrx_word' id='word_1_148' title='bbox 878 2409 928 2455; x_wconf 87' lang='lat' dir='ltr'><strong>aut</strong></span> <span class='ocrx_word' id='word_1_149' title='bbox 948 2417 1011 2457; x_wconf 89' lang='lat' dir='ltr'><strong>cum</strong></span> <span class='ocrx_word' id='word_1_150' title='bbox 1028 2404 1158 2473; x_wconf 84' lang='lat' dir='ltr'><strong>sequenti</strong></span> <span class='ocrx_word' id='word_1_151' title='bbox 1172 2403 1213 2459; x_wconf 88' lang='lat' dir='ltr'><strong>dl·</strong></span> 
     </span>
     <span class='ocr_line' id='line_1_23' title="bbox 52 2490 1213 2564; baseline 0.001 -19"><span class='ocrx_word' id='word_1_152' title='bbox 52 2495 181 2561; x_wconf 75' lang='lat' dir='ltr'><strong>·‚hongum</strong></span> <span class='ocrx_word' id='word_1_153' title='bbox 198 2495 378 2564; x_wconf 84' lang='lat' dir='ltr'><strong>impropriam</strong></span> <span class='ocrx_word' id='word_1_154' title='bbox 396 2493 493 2555; x_wconf 81' lang='lat' dir='ltr'><strong>efficit,</strong></span> <span class='ocrx_word' id='word_1_155' title='bbox 510 2493 567 2545; x_wconf 84' lang='lat' dir='ltr'><strong>uti:</strong></span> <span class='ocrx_word' id='word_1_156' title='bbox 585 2490 782 2560; x_wconf 82' lang='lat' dir='ltr'><strong>MotsMaius,</strong></span> <span class='ocrx_word' id='word_1_157' title='bbox 794 2494 875 2544; x_wconf 79' lang='lat' dir='ltr'><strong>i&#39;roic</strong></span> <span class='ocrx_word' id='word_1_158' title='bbox 897 2491 999 2561; x_wconf 74' lang='lat' dir='ltr'><strong>Troia,</strong></span> <span class='ocrx_word' id='word_1_159' title='bbox 1016 2496 1107 2549; x_wconf 77' lang='lat' dir='ltr'><strong>-Ar&#39;ace</strong></span> <span class='ocrx_word' id='word_1_160' title='bbox 1124 2492 1213 2555; x_wconf 77' lang='lat' dir='ltr'><strong>Aiax,</strong></span> 
     </span>
     <span class='ocr_line' id='line_1_24' title="bbox 52 2581 605 2648; baseline -0.006 -12"><span class='ocrx_word' id='word_1_161' title='bbox 52 2586 126 2636; x_wconf 72' lang='lat' dir='ltr'><strong>dans</strong></span> <span class='ocrx_word' id='word_1_162' title='bbox 144 2584 303 2648; x_wconf 80' lang='lat' dir='ltr'><strong>Traianus,</strong></span> <span class='ocrx_word' id='word_1_163' title='bbox 321 2587 456 2638; x_wconf 79' lang='lat' dir='ltr'><strong>traiecere</strong></span> <span class='ocrx_word' id='word_1_164' title='bbox 473 2581 605 2635; x_wconf 85' lang='lat' dir='ltr'><strong>transire.</strong></span> 
     </span>
    </p>

    <p class='ocr_par' dir='ltr' id='par_1_10' title="bbox 52 2667 1213 2828">
     <span class='ocr_line' id='line_1_25' title="bbox 105 2667 1213 2739; baseline 0 -14"><span class='ocrx_word' id='word_1_165' title='bbox 105 2672 279 2726; x_wconf 62' lang='lat' dir='ltr'><strong>&amp;Effertur</strong></span> <span class='ocrx_word' id='word_1_166' title='bbox 295 2679 328 2725; x_wconf 91' lang='lat' dir='ltr'><strong>ut</strong></span> <span class='ocrx_word' id='word_1_167' title='bbox 343 2688 363 2725; x_wconf 84' lang='grc' dir='ltr'><strong>ιι</strong></span> <span class='ocrx_word' id='word_1_168' title='bbox 379 2669 648 2725; x_wconf 68' lang='lat' dir='ltr'><strong>tumidissimus</strong></span> <span class='ocrx_word' id='word_1_169' title='bbox 664 2667 1080 2738; x_wconf 76' lang='lat' dir='ltr'><strong>illico(prlmum),umbillcus,</strong></span> <span class='ocrx_word' id='word_1_170' title='bbox 1088 2673 1213 2791; x_wconf 72' lang='lat' dir='ltr'><strong>implere,</strong></span> 
     </span>
     <span class='ocr_line' id='line_1_26' title="bbox 52 2758 687 2828; baseline 0 -17"><span class='ocrx_word' id='word_1_171' title='bbox 52 2758 144 2828; x_wconf 85' lang='lat' dir='ltr'><strong>plere,</strong></span> <span class='ocrx_word' id='word_1_172' title='bbox 162 2765 258 2826; x_wconf 73' lang='lat' dir='ltr'><strong>instare</strong></span> <span class='ocrx_word' id='word_1_173' title='bbox 275 2759 392 2821; x_wconf 86' lang='lat' dir='ltr'><strong>inflare,</strong></span> <span class='ocrx_word' id='word_1_174' title='bbox 411 2764 526 2820; x_wconf 79' lang='lat' dir='ltr'><strong>osttoore</strong></span> <span class='ocrx_word' id='word_1_175' title='bbox 543 2758 687 2812; x_wconf 88' lang='lat' dir='ltr'><strong>obturare.</strong></span> 
     </span>
    </p>

    <p class='ocr_par' dir='ltr' id='par_1_11' title="bbox 52 2842 1215 3092">
     <span class='ocr_line' id='line_1_27' title="bbox 106 2842 1215 2916; baseline -0.001 -15"><span class='ocrx_word' id='word_1_176' title='bbox 106 2849 132 2901; x_wconf 79' lang='lat' dir='ltr'><strong>i</strong></span> <span class='ocrx_word' id='word_1_177' title='bbox 160 2849 274 2902; x_wconf 78' lang='lat' dir='ltr'><strong>Transit</strong></span> <span class='ocrx_word' id='word_1_178' title='bbox 296 2863 477 2916; x_wconf 88' lang='lat' dir='ltr'><strong>nonunquam</strong></span> <span class='ocrx_word' id='word_1_179' title='bbox 504 2848 533 2899; x_wconf 89' lang='lat' dir='ltr'><strong>in</strong></span> <span class='ocrx_word' id='word_1_180' title='bbox 557 2846 728 2906; x_wconf 87' lang='lat' dir='ltr'><strong>etonicum,</strong></span> <span class='ocrx_word' id='word_1_181' title='bbox 752 2852 798 2899; x_wconf 86' lang='lat' dir='ltr'><strong>ast</strong></span> <span class='ocrx_word' id='word_1_182' title='bbox 813 2853 882 2900; x_wconf 85' lang='lat' dir='ltr'><strong>tnnc</strong></span> <span class='ocrx_word' id='word_1_183' title='bbox 904 2846 944 2900; x_wconf 81' lang='lat' dir='ltr'><strong>itu</strong></span> <span class='ocrx_word' id='word_1_184' title='bbox 961 2847 1044 2901; x_wconf 88' lang='lat' dir='ltr'><strong>etiam</strong></span> <span class='ocrx_word' id='word_1_185' title='bbox 1052 2842 1149 2900; x_wconf 84' lang='lat' dir='ltr'><strong>scribi</strong></span> <span class='ocrx_word' id='word_1_186' title='bbox 1166 2862 1215 2914; x_wconf 90' lang='lat' dir='ltr'><strong>op·</strong></span> 
     </span>
     <span class='ocr_line' id='line_1_28' title="bbox 52 2932 1215 3002; baseline -0.002 -12"><span class='ocrx_word' id='word_1_187' title='bbox 52 2941 119 2998; x_wconf 84' lang='lat' dir='ltr'><strong>rtet,</strong></span> <span class='ocrx_word' id='word_1_188' title='bbox 135 2937 197 2991; x_wconf 71' lang='lat' dir='ltr'><strong>utic</strong></span> <span class='ocrx_word' id='word_1_189' title='bbox 215 2934 331 2998; x_wconf 69' lang='lat' dir='ltr'><strong>nosces</strong></span> <span class='ocrx_word' id='word_1_190' title='bbox 345 2936 500 3002; x_wconf 83' lang='lat' dir='ltr'><strong>judicium,</strong></span> <span class='ocrx_word' id='word_1_191' title='bbox 517 2932 618 2996; x_wconf 79' lang='lat' dir='ltr'><strong>ospe&#39;ts&#39;s</strong></span> <span class='ocrx_word' id='word_1_192' title='bbox 634 2933 805 3002; x_wconf 86' lang='lat' dir='ltr'><strong>hospitium,</strong></span> <span class='ocrx_word' id='word_1_193' title='bbox 823 2938 886 2998; x_wconf 79' lang='lat' dir='ltr'><strong>loos</strong></span> <span class='ocrx_word' id='word_1_194' title='bbox 902 2935 975 3002; x_wconf 79' lang='lat' dir='ltr'><strong>ligo,</strong></span> <span class='ocrx_word' id='word_1_195' title='bbox 992 2946 1053 2991; x_wconf 79' lang='lat' dir='ltr'><strong>ests</strong></span> <span class='ocrx_word' id='word_1_196' title='bbox 1069 2935 1141 2996; x_wconf 85' lang='lat' dir='ltr'><strong>iste,</strong></span> <span class='ocrx_word' id='word_1_197' title='bbox 1158 2939 1215 2989; x_wconf 83' lang='lat' dir='ltr'><strong>elis</strong></span> 
     </span>
     <span class='ocr_line' id='line_1_29' title="bbox 52 3020 580 3092; baseline 0.004 -18"><span class='ocrx_word' id='word_1_198' title='bbox 52 3040 70 3084; x_wconf 71' lang='grc' dir='ltr'><strong>ι,</strong></span> <span class='ocrx_word' id='word_1_199' title='bbox 86 3029 201 3088; x_wconf 66' lang='lat' dir='ltr'><strong>sonemus</strong></span> <span class='ocrx_word' id='word_1_200' title='bbox 218 3026 367 3092; x_wconf 73' lang='lat' dir='ltr'><strong>igniarium</strong></span> <span class='ocrx_word' id='word_1_201' title='bbox 385 3020 580 3092; x_wconf 82' lang='lat' dir='ltr'><strong>(videlieriv.)</strong></span> 
     </span>
    </p>

    <p class='ocr_par' dir='ltr' id='par_1_12' title="bbox 52 3109 1216 3272">
     <span class='ocr_line' id='line_1_30' title="bbox 106 3109 1216 3179; baseline 0 -13"><span class='ocrx_word' id='word_1_202' title='bbox 106 3117 136 3167; x_wconf 81' lang='lat'><strong>5.</strong></span> <span class='ocrx_word' id='word_1_203' title='bbox 161 3114 277 3167; x_wconf 79' lang='lat' dir='ltr'><strong>Transit</strong></span> <span class='ocrx_word' id='word_1_204' title='bbox 293 3114 322 3166; x_wconf 88' lang='lat' dir='ltr'><strong>iu</strong></span> <span class='ocrx_word' id='word_1_205' title='bbox 341 3119 542 3167; x_wconf 86' lang='lat' dir='ltr'><strong>consonantem</strong></span> <span class='ocrx_word' id='word_1_206' title='bbox 559 3110 588 3164; x_wconf 89' lang='lat' dir='ltr'><strong>in</strong></span> <span class='ocrx_word' id='word_1_207' title='bbox 606 3111 743 3179; x_wconf 89' lang='lat' dir='ltr'><strong>principio</strong></span> <span class='ocrx_word' id='word_1_208' title='bbox 761 3109 929 3175; x_wconf 84' lang='lat' dir='ltr'><strong>dictionum,</strong></span> <span class='ocrx_word' id='word_1_209' title='bbox 951 3119 1017 3167; x_wconf 88' lang='lat' dir='ltr'><strong>aute</strong></span> <span class='ocrx_word' id='word_1_210' title='bbox 1033 3112 1163 3174; x_wconf 85' lang='lat' dir='ltr'><strong>vocales,</strong></span> <span class='ocrx_word' id='word_1_211' title='bbox 1186 3118 1216 3166; x_wconf 83' lang='lat' dir='ltr'><strong>et</strong></span> 
     </span>
     <span class='ocr_line' id='line_1_31' title="bbox 52 3199 881 3272; baseline 0.001 -17"><span class='ocrx_word' id='word_1_212' title='bbox 52 3201 141 3270; x_wconf 80' lang='lat' dir='ltr'><strong>quemi</strong></span> <span class='ocrx_word' id='word_1_213' title='bbox 158 3201 279 3272; x_wconf 72' lang='lat' dir='ltr'><strong>ligurai</strong></span> <span class='ocrx_word' id='word_1_214' title='bbox 294 3203 448 3264; x_wconf 81' lang='lat' dir='ltr'><strong>scribitur,</strong></span> <span class='ocrx_word' id='word_1_215' title='bbox 466 3201 540 3272; x_wconf 85' lang='lat' dir='ltr'><strong>quod</strong></span> <span class='ocrx_word' id='word_1_216' title='bbox 557 3215 611 3252; x_wconf 88' lang='lat' dir='ltr'><strong>suo</strong></span> <span class='ocrx_word' id='word_1_217' title='bbox 627 3199 693 3254; x_wconf 88' lang='lat' dir='ltr'><strong>loco</strong></span> <span class='ocrx_word' id='word_1_218' title='bbox 711 3199 881 3268; x_wconf 75' lang='lat' dir='ltr'><strong>digeremus.</strong></span> 
     </span>
    </p>
   </div>
   <div class='ocr_carea' id='block_1_6' title="bbox 432 3349 807 3475">
    <p class='ocr_par' dir='ltr' id='par_1_13' title="bbox 432 3349 807 3475">
     <span class='ocr_line' id='line_1_32' title="bbox 432 3349 807 3475; baseline -0.003 -18"><span class='ocrx_word' id='word_1_219' title='bbox 432 3395 490 3458; x_wconf 85' lang='lat' dir='ltr'><strong>Do</strong></span> <span class='ocrx_word' id='word_1_220' title='bbox 509 3349 807 3475; x_wconf 58' lang='lat' dir='ltr'><strong>Dipistiscnpis,</strong></span> 
     </span>
    </p>
   </div>
   <div class='ocr_carea' id='block_1_7' title="bbox 52 3558 1237 4274">
    <p class='ocr_par' dir='ltr' id='par_1_14' title="bbox 52 3558 1215 3832">
     <span class='ocr_line' id='line_1_33' title="bbox 111 3558 1214 3642; baseline -0.004 -20"><span class='ocrx_word' id='word_1_221' title='bbox 111 3561 302 3642; x_wconf 76' lang='lat' dir='ltr'><strong>Diphthongi</strong></span> <span class='ocrx_word' id='word_1_222' title='bbox 324 3563 355 3623; x_wconf 88' lang='lat' dir='ltr'><strong>in</strong></span> <span class='ocrx_word' id='word_1_223' title='bbox 379 3581 496 3642; x_wconf 84' lang='lat' dir='ltr'><strong>genere</strong></span> <span class='ocrx_word' id='word_1_224' title='bbox 517 3564 626 3622; x_wconf 91' lang='lat' dir='ltr'><strong>iisdem</strong></span> <span class='ocrx_word' id='word_1_225' title='bbox 655 3562 776 3642; x_wconf 82' lang='lat' dir='ltr'><strong>legibus</strong></span> <span class='ocrx_word' id='word_1_226' title='bbox 806 3570 930 3641; x_wconf 86' lang='lat' dir='ltr'><strong>parent,</strong></span> <span class='ocrx_word' id='word_1_227' title='bbox 953 3558 1066 3638; x_wconf 88' lang='lat' dir='ltr'><strong>quibus</strong></span> <span class='ocrx_word' id='word_1_228' title='bbox 1089 3559 1214 3620; x_wconf 82' lang='lat' dir='ltr'><strong>vocales</strong></span> 
     </span>
     <span class='ocr_line' id='line_1_34' title="bbox 52 3659 1215 3747; baseline -0.004 -22"><span class='ocrx_word' id='word_1_229' title='bbox 52 3662 186 3744; x_wconf 84' lang='lat' dir='ltr'><strong>uplices,</strong></span> <span class='ocrx_word' id='word_1_230' title='bbox 218 3685 314 3744; x_wconf 88' lang='lat' dir='ltr'><strong>pauca</strong></span> <span class='ocrx_word' id='word_1_231' title='bbox 341 3686 417 3747; x_wconf 84' lang='lat' dir='ltr'><strong>ergo</strong></span> <span class='ocrx_word' id='word_1_232' title='bbox 439 3668 547 3728; x_wconf 87' lang='lat' dir='ltr'><strong>harum</strong></span> <span class='ocrx_word' id='word_1_233' title='bbox 570 3668 709 3746; x_wconf 85' lang='lat' dir='ltr'><strong>exempla</strong></span> <span class='ocrx_word' id='word_1_234' title='bbox 733 3667 846 3744; x_wconf 88' lang='lat' dir='ltr'><strong>absque</strong></span> <span class='ocrx_word' id='word_1_235' title='bbox 860 3664 1000 3726; x_wconf 88' lang='lat' dir='ltr'><strong>ulteriori</strong></span> <span class='ocrx_word' id='word_1_236' title='bbox 1014 3659 1215 3741; x_wconf 88' lang='lat' dir='ltr'><strong>explicatione</strong></span> 
     </span>
     <span class='ocr_line' id='line_1_35' title="bbox 52 3772 294 3832; baseline 0 -2"><span class='ocrx_word' id='word_1_237' title='bbox 52 3772 131 3831; x_wconf 86' lang='lat' dir='ltr'><strong>isrre</strong></span> <span class='ocrx_word' id='word_1_238' title='bbox 145 3772 294 3832; x_wconf 80' lang='lat' dir='ltr'><strong>subiciat:</strong></span> 
     </span>
    </p>

    <p class='ocr_par' dir='ltr' id='par_1_15' title="bbox 102 3867 1237 4056">
     <span class='ocr_line' id='line_1_36' title="bbox 213 3867 1237 3951; baseline -0.01 -17"><span class='ocrx_word' id='word_1_239' title='bbox 213 3894 338 3946; x_wconf 88' lang='lat' dir='ltr'><strong>aurum,</strong></span> <span class='ocrx_word' id='word_1_240' title='bbox 412 3879 530 3951; x_wconf 80' lang='lat' dir='ltr'><strong>lauru,</strong></span> <span class='ocrx_word' id='word_1_241' title='bbox 615 3883 740 3943; x_wconf 85' lang='lat' dir='ltr'><strong>taurus,</strong></span> <span class='ocrx_word' id='word_1_242' title='bbox 813 3871 988 3947; x_wconf 70' lang='lat' dir='ltr'><strong>laudamus,</strong></span> <span class='ocrx_word' id='word_1_243' title='bbox 1015 3867 1193 3935; x_wconf 81' lang='lat' dir='ltr'><strong>laudemus,</strong></span> <span class='ocrx_word' id='word_1_244' title='bbox 1235 3886 1237 3891; x_wconf 94' lang='lat'>·</span> 
     </span>
     <span class='ocr_line' id='line_1_37' title="bbox 102 3971 1203 4056; baseline -0.005 -19"><span class='ocrx_word' id='word_1_245' title='bbox 102 4030 108 4056; x_wconf 67' lang='lat'><strong>,</strong></span> <span class='ocrx_word' id='word_1_246' title='bbox 213 3978 269 4047; x_wconf 88' lang='lat' dir='ltr'><strong>do,</strong></span> <span class='ocrx_word' id='word_1_247' title='bbox 411 3983 505 4056; x_wconf 84' lang='lat' dir='ltr'><strong>stau,</strong></span> <span class='ocrx_word' id='word_1_248' title='bbox 610 3988 677 4046; x_wconf 84' lang='lat' dir='ltr'><strong>sto,</strong></span> <span class='ocrx_word' id='word_1_249' title='bbox 810 3974 989 4051; x_wconf 82' lang='lat' dir='ltr'><strong>cautando,</strong></span> <span class='ocrx_word' id='word_1_250' title='bbox 1014 3971 1203 4050; x_wconf 86' lang='lat' dir='ltr'><strong>quaerendo,</strong></span> 
     </span>
    </p>

    <p class='ocr_par' dir='ltr' id='par_1_16' title="bbox 212 4074 1128 4159">
     <span class='ocr_line' id='line_1_38' title="bbox 212 4074 1128 4159; baseline -0.01 -18"><span class='ocrx_word' id='word_1_251' title='bbox 212 4101 287 4152; x_wconf 89' lang='lat' dir='ltr'><strong>vae,</strong></span> <span class='ocrx_word' id='word_1_252' title='bbox 412 4084 487 4159; x_wconf 80' lang='lat' dir='ltr'><strong>stoi,</strong></span> <span class='ocrx_word' id='word_1_253' title='bbox 614 4092 697 4153; x_wconf 87' lang='lat' dir='ltr'><strong>stas,</strong></span> <span class='ocrx_word' id='word_1_254' title='bbox 813 4082 933 4157; x_wconf 77' lang='lat' dir='ltr'><strong>certat,</strong></span> <span class='ocrx_word' id='word_1_255' title='bbox 1011 4074 1128 4134; x_wconf 83' lang='lat' dir='ltr'><strong>certavi</strong></span> 
     </span>
    </p>

    <p class='ocr_par' dir='ltr' id='par_1_17' title="bbox 212 4188 1103 4274">
     <span class='ocr_line' id='line_1_39' title="bbox 212 4188 1103 4274; baseline -0.008 -29"><span class='ocrx_word' id='word_1_256' title='bbox 212 4204 324 4258; x_wconf 90' lang='lat' dir='ltr'><strong>eurus,</strong></span> <span class='ocrx_word' id='word_1_257' title='bbox 412 4207 502 4274; x_wconf 79' lang='lat' dir='ltr'><strong>meo,</strong></span> <span class='ocrx_word' id='word_1_258' title='bbox 614 4203 719 4254; x_wconf 90' lang='lat' dir='ltr'><strong>meus,</strong></span> <span class='ocrx_word' id='word_1_259' title='bbox 816 4188 889 4260; x_wconf 81' lang='lat' dir='ltr'><strong>teu,</strong></span> <span class='ocrx_word' id='word_1_260' title='bbox 1015 4188 1103 4249; x_wconf 89' lang='lat' dir='ltr'><strong>tuus,</strong></span> 
     </span>
    </p>
   </div>
   <div class='ocr_carea' id='block_1_8' title="bbox 0 0 1378 4604">
    <p class='ocr_par' dir='ltr' id='par_1_18' title="bbox 0 0 1378 4604">
     <span class='ocr_line' id='line_1_40' title="bbox 0 0 1378 4604; baseline 0 0"><span class='ocrx_word' id='word_1_261' title='bbox 0 0 1378 4604; x_wconf 95' lang='lat' dir='ltr'><strong> </strong></span> 
     </span>
    </p>
   </div>
  </div>
 </body>
</html>
