2746 4604
410 416 678 483 &uculo
719 411 1066 477 suctJnt‘nA.

131 636 136 647 ·
245 618 618 734 suurnxrs
649 560 1258 776 summittur.
1360 696 1371 861 p

1366 785 1371 838 i

244 893 392 972 Singulae
414 895 562 955 orationis
584 903 686 971 partes
711 902 814 950 mutuo
836 892 915 950 inter
941 910 976 950 se
994 897 1215 950 connectuntur
1233 897 1281 947 aut
1297 889 1327 947 ai
1370 924 1371 940 η

146 1008 307 1074 conceptus
323 999 506 1074 compositos
524 999 700 1057 efficiendos
718 1005 770 1055 aut
783 996 819 1054 ad
832 994 946 1068 judicia
962 994 1112 1070 simplicia
1127 992 1327 1070 exprimenda,
1369 1056 1371 1060 Α

143 1100 220 1177 quod
241 1119 296 1176 ope
312 1091 553 1161 Constructionis
569 1103 732 1160 dictionum
747 1100 964 1178 grammaticae
986 1097 1054 1156 fieri
1069 1095 1229 1174 hucusque
1243 1096 1326 1154 docui·

141 1222 219 1263 mus.
242 1207 320 1263 Tum
338 1215 501 1282 conceptus
523 1203 701 1280 compositi,
722 1212 786 1262 tum
803 1200 916 1276 judicia
938 1201 1088 1276 simplicia
1108 1201 1251 1260 ulteriori
1270 1217 1325 1258 can·
1358 1204 1371 1275 [j

140 1307 286 1367 iunctioni
310 1327 364 1368 seu
385 1310 563 1369 connexioni
584 1309 692 1367 idonce
711 1317 798 1379 sunt,
826 1307 903 1384 quod
926 1305 1237 1383 opeOonstructionis
1251 1321 1324 1362 enun·

143 1403 292 1472 ciatouum
305 1422 438 1472 mutuam
452 1413 671 1490 copulationem
686 1411 876 1489 poscentium
893 1409 997 1486 perfici
1019 1408 1112 1477 solet,
1135 1407 1174 1466 de
1191 1426 1249 1487 quo
1263 1423 1324 1466 nunt

141 1512 230 1573 nobis
246 1515 395 1592 agendum
412 1516 480 1576 erit.

1358 1274 1371 1321 tt

1358 1383 1371 1426 tt

184 1661 212 1723 Ι.
232 1666 398 1724 Enunciata
412 1666 578 1743 simplicia,
600 1685 656 1725 seu
678 1666 723 1724 sic
744 1664 846 1725 dictae
864 1662 1059 1747 Sententiae,
1081 1664 1165 1721 inter
1178 1681 1213 1722 se
1227 1663 1326 1723 coniun

143 1775 227 1834 ctae,
257 1777 309 1827 aut
329 1769 366 1826 ad
390 1768 514 1828 eandem
542 1749 614 1829 rem¹
631 1769 782 1845 pertinent
802 1767 901 1827 autad
921 1767 1081 1826 diversam.
1102 1767 1209 1826 Priori
1227 1769 1257 1825 in
1271 1783 1326 1826 casu

148 1868 317 1947 junguntur
330 1873 488 1932 enunciata
506 1860 617 1949 partim
635 1873 918 1948 circumscriptione
935 1871 1064 1948 plurium
1081 1880 1207 1930 mutuae
1229 1871 1326 1947 copula·

142 1973 218 2032 tioni
239 1974 415 2035 efficiendae
440 1975 615 2035 idonearum
636 1977 766 2053 partium
790 1975 1075 2042 constitutivarum,
1109 1976 1223 2052 partim
1240 1991 1328 2035 conuo-
1367 2010 1371 2056 p

98 2080 99 2086 ’
142 2078 233 2137 xione
248 2080 379 2157 plurium
395 2081 612 2139 sententiarum
627 2080 843 2157 completarum
860 2078 896 2137 ad
918 2095 952 2136 se
976 2078 1107 2136 invicem
1128 2080 1299 2138 relatarum.
1366 2057 1371 2071 ⁹

242 2182 386 2243 Brevitas
408 2194 439 2243 et
460 2184 646 2243 concinnitas
664 2183 873 2260 expressionis
894 2182 1064 2259 postulant,
1086 2183 1170 2241 utin
1192 2183 1223 2243 id
1247 2199 1327 2261 genus

142 2285 378 2344 connexionibus
401 2295 505 2363 partes
526 2288 714 2365 integrantes
738 2285 876 2363 pluribus
902 2285 1060 2343 sententiis
1082 2302 1261 2346 communes
1281 2303 1327 2344 non

141 2395 326 2464 repetantur,
349 2407 376 2448 e.
398 2408 429 2468 g.
645 2382 646 2386 ’

149 2507 283 2571 Valerio
305 2514 428 2572 scrisse
455 2514 619 2576 istorio’la
637 2513 725 2594 Spa·
745 2515 890 2580 Valerius
918 2511 1050 2590 scripsit]
1057 2511 1220 2574 historiam
1234 2513 1326 2594 Hispa·

182 2614 311 2692 niloro,
339 2614 467 2690 Morou¹
490 2617 555 2677 ella
581 2617 720 2678 Romani
782 2637 909 2687 norum,
931 2618 1058 2677 Marcus
1073 2619 1290 2698 Romanorum,

175 2716 276 2785 floro.

139 2821 206 2884 Not
225 2841 395 2883 rrooncoonu
410 2843 518 2894 carne,
541 2827 592 2885 noi
606 2828 698 2887 cosio
707 2867 719 2901 ,
740 2828 804 2893 Nos
826 2825 1038 2884 manducamus
1062 2843 1200 2894 carnem,
1222 2841 1327 2885 vesca·

183 2927 324 2988 sicitti'li
343 2929 448 2987 nostri
464 2947 567 3007 ponne.
780 2949 884 2999 seum,
905 2930 998 2989 vicini
1019 2930 1118 2988 nostri
1139 2948 1241 3006 poma.

143 3029 239 3090 matt
272 3033 335 3090 naci
362 3034 479 3091 inoctia
514 3031 720 3094 Maternatt'co
739 3038 864 3092 Fratres
887 3035 946 3092 mei
968 3033 1087 3094 discunt
1108 3033 1275 3093 Mathesint
1293 3031 1328 3091 toi

181 3134 237 3194 ettt
258 3137 302 3192 tei
320 3133 495 3200 Medicina.
775 3136 971 3206 Medicinam.

140 3236 228 3300 Mite
248 3241 292 3297 noi
308 3238 413 3317 place,
435 3239 497 3299 tite
517 3257 573 3305 naa,
738 3240 814 3299 Mihi
835 3241 950 3316 piacet,
970 3241 1025 3302 tibi
1046 3259 1117 3302 non.

181 3385 227 3450 ΙΙ.
258 3388 432 3449 Sententiae
453 3392 489 3450 ad
511 3411 577 3452 rem
600 3393 753 3452 diversam
775 3392 979 3468 pertinentes,
1001 3392 1080 3463 inter
1093 3390 1287 3473 sejunctae,
1304 3410 1329 3448 a·

140 3493 231 3551 beunt
250 3492 280 3548 in
300 3495 475 3570 primarios
497 3505 527 3554 et
546 3497 778 3564 secundarios3
802 3497 871 3554 illae
893 3504 998 3572 suapte
1015 3492 1164 3568 judicium
1187 3499 1329 3576 integrum

138 3580 329 3674 exprimunt,
348 3595 404 3655 hae
419 3616 492 3656 vero
510 3608 626 3675 partem
643 3599 770 3676 aliquam
790 3598 1014 3658 constitutivam
1033 3599 1252 3675 primariorum
1272 3620 1329 3660 sen·

132 3701 300 3758 tentiarum
325 3700 594 3770 circumscribunt,
623 3710 654 3760 ct
689 3721 744 3778 ope
767 3702 1010 3762 constructionis
1033 3720 1101 3760 cum
1127 3698 1194 3763 illis
1209 3705 1328 3784 Jungnn·

138 3815 197 3873 tur,
214 3814 264 3863 aut
281 3822 384 3865 earum
402 3804 538 3863 membra
557 3815 716 3882 separant,
734 3805 1054 3880 Constructionemque
1076 3817 1240 3886 respuunt,
1256 3806 1326 3867 etii·

131 3918 245 3966 cuntur
265 3909 403 3977 incisae,
425 3926 453 3972 a.
477 3928 508 3986 g.
670 3907 672 3910 ’
1009 3987 1011 3990 ¹
1040 3893 1059 3973 ι.

140 4007 369 4091 credentiam,
392 4031 457 4092 pcto
474 4013 645 4081 credentia,
667 4030 713 4072 oto
734 4013 836 4090 Fides,
858 4023 891 4071 ut
903 4011 988 4080 fides,
1010 4030 1069 4073 non
1084 4018 1229 4090 potestin
1243 4015 1327 4077 scien·

172 4119 306 4194 repnte
327 4115 501 4200 rediqoore
522 4113 544 4179 ci
564 4120 711 4183 sonnino,
780 4119 851 4178 tiam
873 4117 999 4180 elevari.
