2746 4604
118 233 186 290 XVI

120 373 172 451 qui
192 371 276 434 circa
296 372 386 433 linem
407 372 520 434 saeculi
535 370 634 449 quarti
650 368 768 430 Gothos
781 367 958 430 Danubium
981 371 1113 431 transire
1131 373 1322 451 coegerunt,

121 474 238 553 sibique
261 476 298 534 in
318 475 414 535 Dacia
441 475 622 535 dominatum
648 483 861 550 assernerunt,
889 477 1060 552 permoveri
1082 479 1255 558 potuerint,
1284 488 1322 537 ut

94 559 208 640 'suam
224 579 466 658 derelinquerent
481 580 609 656 patriam
622 575 663 650 ').
1011 573 1053 642 ’Χ

220 685 353 761 Populus
376 702 448 742 suos
471 682 599 743 (liversis
621 685 651 742 ln
669 682 746 742 loeis
762 682 895 759 eligebat
915 683 1097 753 Praetores,
1126 686 1177 761 qui
1198 685 1320 743 tandem

121 790 246 853 remotis
267 787 364 848 turbis
387 796 483 846 semet
509 789 539 850 iu
567 790 669 847 Duces
692 784 863 854 elevarunt,
893 790 1056 864 variosque
1086 796 1184 846 status
1207 791 1322 849 forma·

122 903 202 969 eunt.
215 891 360 979 phacaia
380 890 456 949 baec
467 899 614 968 tempora
637 893 758 953 nomine
773 893 890 968 quidem
910 892 1031 951 illorum
1050 893 1225 961 occultante,
1239 911 1322 950 com·

122 996 298 1077 munis-est.
312 1005 412 1079 tamen
431 994 553 1071 opinio,
574 994 752 1073 quae-hand
779 997 860 1054 omni
882 1005 966 1056 caret
988 1005 1186 1073 argumento,
1214 997 1321 1072 plures

123 1076 238 1187 oerum,
252 1099 302 1165 uel
319 1107 353 1157 ut
367 1097 417 1157 alii
434 1104 567 1166 censent,
590 1115 715 1169 omnes,
737 1098 840 1157 eodem
854 1098 1050 1182 compellentes
1066 1100 1162 1161 fuisse
1179 1102 1322 1180 uomine;
1355 1134 1357 1143 ·

123 1180 192 1271 nain
206 1199 443 1288 taediusetiam,
459 1211 510 1286 aut
533 1199 672 1260 continuo
691 1200 815 1270 eodem,
837 1212 887 1261 aut
908 1203 1107 1279 saepissime,
1129 1207 1322 1282 reperimus,

119 1282 192 1378 stoi,
213 1315 372 1385 antequam
400 1305 436 1366 sd
456 1305 691 1383 gubernaculum
713 1307 930 1389 accessissent,
952 1308 1040 1366 aliter
1070 1310 1170 1367 vocati
1190 1310 1323 1377 fuerint,

122 1385 203 1497 idem
219 1421 295 1488 ,post
309 1411 380 1472 hinc
407 1427 572 1487 usurpasse
592 1407 728 1467 videmus
744 1402 798 1484 ⁴⁴).
826 1411 941 1494 Ferunt
961 1410 1062 1487 itaque
1083 1411 1185 1469 Duces
1206 1412 1322 1470 Daciae

123 1507 299 1601 orientalis„
320 1515 389 1575 inde
403 1532 421 1574 a
435 1512 620 1602 temporibus
637 1511 807 1572 Gothorum
824 1530 931 1571 nomen
941 1515 1085 1598 ,gessisse
1101 1513 1247 1584 Joviaai,
1270 1523 1324 1575 aut

122 1618 285 1691 Diodori»,
301 1616 479 1697 quot-item
500 1616 653 1696 siguificat
673 1634 785 1694 graeco
807 1617 966 1686 idiomate,
988 1627 1018 1674 et
1030 1620 1107 1695 quod
1122 1609 1232 1677 deinde'
1245 1638 1263 1679 a
1277 1620 1322 1699 vif

123 1700 200 1787 ciuis
219 1722 368 1785 Selavicis
388 1721 559 1807 nationibus
580 1721 610 1778 in
632 1738 719 1778 suum
741 1721 923 1786 translatum
948 1739 1118 1803 sermonem
1143 1723 1323 1799 Bopdaaue

124 1835 227 1912 ponat,
259 1824 335 1914 untle
352 1825 512 1911 ¹titionem
526 1825 608 1883 illam
626 1825 713 1882 hodie
731 1842 849 1902 qnoque
863 1825 958 1883 'l'urci
974 1824 1176 1902 Boydoaiam
1192 1837 1321 1909 vocantr

122 1930 238 2017 Daciae
249 1947 322 1988 uero
336 1928 481 2017 ¹australis
496 1931 600 1989 Duces
612 1927 707 1987 dictos
721 1929 818 1987 luisse
832 1927 989 1996 Hilarius,-
1010 1929 1133 2007 vulgari
1154 1939 1255 1988 autem
1269 1951 1321 1990 no·

122 2034 206 2119 mine
226 2032 407 2104 Bucealos,
428 2032 506 2091 unde
529 2034 620 2120 etiam
636 2050 744 2115 ,eorum
759 2034 941 2109 Metropolis
966 2032 1231 2104 Buccatescmd
1254 2045 1321 2114 est,

121 2134 332 2224 Hilariopolie
346 2137 494 2223 appellata
510 2146 573 2206 est;
597 2137 675 2216 quod
696 2156 804 2197 nomen
826 2138 922 2213 simili
943 2134 1034 2219 modo
1054 2137 1156 2197 Sclavi
1177 2139 1208 2196 in
1231 2158 1322 2214 suum

121 2250 280 2319 ‚vertertmt
304 2241 432 2312 idioma,
454 2250 732 2327 expresseruntquo
754 2240 893 2301 lindam.
920 2241 1032 2301 Eodem
1056 2253 1181 2323 consent
1201 2244 1321 2303 ratione

123 2347 268 2432 ‚centralis
285 2347 399 2406 Daciae
412 2348 516 2406 Duces
533 2347 683 2431 communi
700 2347 824 2431 nomine⁸
839 2346 1005 2424 appellatos
1029 2346 1126 2405 inisse
1145 2346 1322 2413 Jutioevel

124 2447 246 2536 Getica,
270 2449 346 2528 quod
363 2461 509 2540 consonat
522 2468 590 2531 eum
606 2451 725 2509 nominc
743 2452 868 2509 ultimi
859 2471 889 2509 m
905 2468 1005 2528 pugno
1020 2468 1087 2511 eum
1099 2450 1256 2530 Hungaris
1272 2473 1322 2515 oc·

123 2554 261 2623 cisi,-
219 2553 333 2635 -qui
354 2551 437 2611 eires
450 2530 540 2641 finem
552 2526 669 2639 saeculi
685 2551 776 2637 noni,
790 2569 833 2615 ex
848 2554 1043 2637 orientalibus
1060 2556 1193 2615 eiusdem
1205 2559 1322 2617 Daciae

124 2656 206 2727 oris,
228 2676 246 2716 a
264 2647 465 2714 Patziuacis*
467 2630 511 2730 ”j
535 2671 602 2712 cum
617 2653 763 2712 Romanis
777 2655 901 2714 sociatis
919 2651 991 2733 aas»)
1008 2658 1105 2734 pulsi,
1122 2660 1214 2734 Alpes
1228 2663 1322 2720 traie-

123 2770 242 2838 cerunt,
264 2759 486 2833 commissoque
502 2775 570 2815 cum
579 2753 671 2817 Gelio
689 2757 894 2834 proel1o,post
908 2770 1049 2819 cruentos
1063 2762 1322 2838 conflictus,huuo

122 2864 241 2924 taudem
260 2862 494 2929 iuterfecerunt,
526 2870 645 2920 etcum
666 2862 811 2921 Romanis
833 2872 961 2922 mortem
983 2865 1030 2923 sui
1051 2867 1174 2923 Domini
1194 2867 1321 2926 videnti·

122 2966 190 3054 bus,
211 2964 507 3039 tostunjmanemo
529 2960 779 3046 triverorum)
788 2957 910 3033 3'-·tum
918 2970 1062 3046 'cumipse'
1072 2970 1252 3048 Metropolis
1267 2952 1321 3032 no·

178 3316 207 3383 ⁸)
225 3323 363 3388 Timaea,
376 3323 520 3376 ,aaronica
531 3324 720 3390 lisaaororom
735 3332 817 3380 Porto
834 3330 855 3380 1.
873 3331 937 3388 cap·
953 3334 969 3381 i
974 3335 1001 3383 1.

126 3438 131 3449 ›
153 3397 368 3472 ;·*)'caaemsr,
385 3411 536 3469 Descriptio
552 3415 708 3468 Moldooioe
725 3421 806 3468 Parte
817 3418 854 3470 11.
872 3420 936 3478 Cap.
956 3423 985 3471 2.

126 3491 209 3556 ..mi
224 3498 412 3549 Gemmatum
434 3501 688 3566 romanensem,
711 3507 1012 3560 nemausensem
1035 3499 1157 3568 imperes,
1182 3509 1264 3558 rara
1284 3509 1321 3558 11.

153 3637 170 3647 ..
223 3584 289 3642 cop.
308 3587 360 3636 ³8.
546 3634 549 3640 .

51 3676 54 3680 ’
122 3665 196 3737 Ψ)
221 3669 341 3736 Propter
358 3671 430 3724 hene
447 3673 637 3728 Romanorum
656 3690 717 3730 cum
732 3679 892 3732 Patalnacls
909 3679 1083 3744 societatem,
1103 3682 1196 3735 solent
1213 3681 1323 3748 saepis·

135 3748 142 3761 ’
220 3755 292 3810 sime
310 3758 383 3825 apud
398 3759 569 3824 Byzantinos
585 3765 758 3832 scriptores,
776 3767 816 3819 illl
833 3771 934 3822 horum
951 3768 1080 3836 insigniri
1098 3771 1226 3833 nomine,
1245 3771 1322 3836 quod

126 3888 146 3897 .
220 3843 335 3912 egregie
352 3846 484 3912 probavit
499 3853 625 3906 beriae
617 3868 648 3905 m
657 3858 781 3908 Historia
793 3861 883 3918 hedai
894 3860 1061 3921 Dalmatiae,
1078 3863 1141 3911 Lib
1153 3862 1196 3910 Vl.
1210 3862 1275 3919 Crto.
1285 3867 1322 3926 5,-

207 3931 322 3986 deinde
337 3937 499 4000 D'Aaoille,
516 3942 648 3996 Memoire
660 3958 707 3995 eor
725 3948 883 4006 lesoesples
897 3952 943 4009 oui
961 3951 1081 3999 latitent
1098 3949 1277 4006 amoard’iai
1293 3951 1323 3998 la

220 4025 298 4081 Doce
310 4027 343 4074 de
356 4026 463 4085 maan
476 4028 621 4084 liemoiree
633 4035 668 4082 ale
682 4034 848 4086 i’Academie
862 4039 909 4086 des
920 4038 1094 4094 [ascriptione
1112 4039 1183 4086 Tam.
1195 4039 1286 4086 XXX.

121 4107 207 4177 esses)
223 4107 379 4176 [Tuhutum
392 4119 472 4178 pater
482 4115 590 4183 Horou]
610 4117 653 4170 vir
666 4126 794 4185 astutus,
813 4122 878 4175 dum
892 4124 1033 4190 coepisset
1051 4123 1147 4175 audire
1168 4122 1203 4176 ab
1217 4123 1323 4175 incolis

216 4194 370 4251 bonitatem
384 4205 477 4255 terrae
490 4201 564 4256 ultra
577 4204 714 4273 silvanae,
731 4208 779 4262 ubl
796 4209 904 4263 Geleou
921 4211 1031 4279 quidem
1043 4212 1148 4266 Blacus
1166 4211 1322 4265 dominium
