2746 4604
1154 192 1247 247 XLIX

40 341 103 386 nus
122 324 163 386 de
182 323 318 387 tiathire
339 326 460 406 origine
479 328 559 389 dicta
580 328 651 392 sint.
678 320 886 407 Nuncrogno
905 329 1018 406 potitus
1047 328 1247 403 adolescens,

43 447 63 489 a
82 430 234 508 principio
256 449 332 510 quae
352 429 432 492 bella
451 433 597 511 gesserit,
617 447 687 493 oum
709 450 862 510 nunquam
883 434 943 493 ocii
962 451 1087 510 compos
1101 434 1204 505 inerit,
1215 436 1253 503 tu¹

44 535 219 618 proximum
238 534 350 595 librum
371 534 622 596 transieramus?
643 530 672 611 ⁵)
693 536 758 596 Nos
779 554 853 596 vcro
868 537 906 596 ad
921 539 1126 598 universalem
1139 558 1252 616 provo·¹

46 654 152 697 camus
172 637 345 709 historiam,
367 658 444 718 quae
464 639 557 717 digna
578 639 615 697 do
635 648 718 698 tanto
735 640 879 716 ‚loquatur
899 641 984 711 viro;
1005 660 1076 702 nam
1096 643 1184 703 nobis
1199 645 1249 705 do·v

49 749 117 800 sont
138 741 232 801 verba
254 742 362 818 quihus
383 743 673 802 excellentissimum
694 745 928 820 Imperatorem,
948 745 1150 806 fortissimum
1170 749 1251 808 Mili·

35 853 133 914 tom,
155 847 416 923 sapientissimum
430 849 560 916 Virum,
582 848 841 925 gloriosissimum
863 850 999 926 Regem,
1020 858 1069 907 sat
1082 849 1172 927 digne
1187 853 1251 911 iau·

51 949 118 1009 dare
136 967 312 1026 possemus.
341 951 497 1010 Maximus
518 952 594 1031 fuit,
617 970 705 1029 quem
725 951 885 1030 Hungaria
905 954 986 1011 inter
997 955 1101 1030 Reges
1112 971 1252 1015 numera·

50 1053 99 1121 vit,
120 1061 153 1112 et
165 1054 244 1130 proh
259 1054 360 1116 dolori
381 1055 519 1133 ultimus.
540 1057 704 1132 Nampost
720 1057 787 1114 cius
801 1055 979 1136 decessum,
1001 1058 1052 1135 qui
1066 1059 1164 1116 secuti
1180 1068 1254 1129 suut

10 1218 12 1223 ,
53 1156 121 1227 duo,
141 1157 197 1219 vix
217 1144 531 1220 umbram'sustinere
552 1169 716 1237 potuerunt
737 1161 843 1239 regiae
865 1161 1032 1239 dignitatis.
1061 1165 1155 1223 Turci
1174 1182 1252 1224 vero

10 1272 15 1307 ἰ
52 1259 104 1334 iam
124 1262 309 1322 audaciores
330 1263 440 1333 effecti,
463 1266 586 1341 copiose
608 1265 738 1342 undique
751 1266 941 1343 ingruentes,
962 1265 1081 1326 tandem
1095 1267 1252 1344 deploran-

10 1404 14 1417 -.
56 1365 102 1426 dae
119 1384 240 1445 pugnae
255 1366 333 1444 apud
345 1366 473 1427 Mohdcs
492 1369 584 1432 1526.
612 1358 779 1438 successu,
808 1378 905 1429 totum
925 1368 1104 1448 Hungariae
1125 1389 1252 1449 occupa·

24 1552 28 1557 Ι
55 1479 116 1529 runt
135 1488 268 1549 regnum
275 1512 287 1551 ,
309 1490 437 1548 quorum
450 1473 630 1534 Patronatui
646 1474 783 1532 Joanncs
796 1473 951 1550 Zapolya,
974 1468 1023 1551 ⁴⁴)
1046 1493 1102 1551 pro
1116 1475 1252 1535 obtinen-
1300 1455 1301 1458 Ἴ

57 1571 278 1652 doHungariae
296 1575 394 1652 Regis
414 1577 502 1634 titulo
526 1583 634 1652 sponte
655 1585 754 1635 semet
773 1576 922 1648 subiecit,
948 1594 1114 1656 eorumque
1136 1579 1252 1640 auxilio

58 1675 230 1746 muctam,
252 1677 470 1737 occidentalem
492 1688 524 1739 et
547 1679 700 1738 borealem
721 1680 752 1737 in
773 1697 864 1739 unam
884 1683 1085 1759 congregavit
1101 1683 1253 1758 Daciam,

59 1780 138 1856 regni
152 1781 305 1840 axiomata
322 1781 514 1859 decoratam,
536 1773 625 1861 quam
643 1784 736 1842 etiam
753 1801 851 1861 usque
874 1783 911 1843 ad
931 1783 1045 1843 obitum
1066 1784 1158 1849 toto.
1181 1787 1254 1853 reti·

61 1880 130 1951 nuit,
151 1901 268 1962 suoque
281 1894 351 1961 post
369 1896 498 1945 mortem
513 1888 576 1947 filio
595 1888 709 1947 Joanni
721 1888 760 1948 ΙΙ.
777 1886 875 1947 adhuc
887 1888 994 1946 infanti
1009 1888 1066 1947 sub
1082 1893 1254 1950 Tur-corum

65 1985 177 2045 tutelam
198 1987 304 2064 posito
313 1989 449 2067 reliquit,
472 2010 561 2068 quem
579 1993 611 2049 in
627 1992 784 2069 provincia
799 1992 987 2051 dominantes
1002 1995 1118 2069 pariter
1135 1996 1253 2072 Regem

64 2085 259 2161 declararunt,
281 2111 340 2170 quo
362 2103 462 2154 tamen
484 2096 620 2172 reliquos
640 2113 715 2154 suos
728 2096 881 2156 Vassalos
895 2095 967 2156 huic
982 2096 1179 2157 succedentes
1193 2115 1254 2156 am·

10 2234 33 2276 ‚4
66 2190 130 2268 plius
144 2195 292 2256 decorare
306 2196 394 2257 titulo
407 2195 629 2263 abstinuerunt.

18 2300 34 2327 .i

152 2551 251 2606 eodem
268 2566 342 2606 anno
359 2559 454 2605 natum
473 2563 552 2606 esse:
568 2552 656 2618 igitur
667 2551 833 2603 Hunniades
856 2556 906 2602 aut
923 2551 1051 2617 aequalis
1070 2553 1254 2619 sigismundo

148 2639 212 2703 fnit,
231 2646 281 2692 ant
299 2640 392 2692 tribus
409 2644 565 2706 quatuorve
579 2639 660 2690 annis
673 2638 775 2691 minor.
794 2642 1140 2705 GeorgiooProffidamster
1151 2647 1256 2705 nepam

146 2731 318 2795 Hetaerice,
335 2725 417 2782 Parte
429 2731 480 2781 ΙΙΙ.
493 2732 557 2782 nto.
572 2735 602 2782 3.

106 2831 131 2902 ⁴)
145 2841 275 2891 Antoniou
286 2841 433 2903 Bactrius,
447 2842 548 2890 lterum
563 2837 784 2918 floaaoricorum
796 2838 1064 2902 Hernicorumque,
1080 2841 1193 2891 Decede
1205 2840 1255 2892 111.

147 2928 207 2979 bio.
221 2931 252 2980 9.

96 3026 130 3097 ”)
146 3031 285 3101 [ioannes
301 3033 447 3100 Vayvoda]
467 3033 540 3087 tusis
559 3033 621 3086 eius
638 3032 743 3100 passius
760 3036 788 3084 ct
806 3032 898 3085 caesis
916 2994 1021 3098 copiis,
1039 3032 1110 3088 satis
1125 3029 1254 3099 Ungaro·
1318 3047 1326 3055 ·

147 3137 208 3174 rum
234 3122 371 3175 socictate
395 3123 528 3188 firmatis,
556 3136 695 3189 nusquam
713 3127 792 3172 tutus
811 3135 876 3172 esse
893 3120 993 3188 potuit,
1013 3128 1042 3174 ot
1059 3121 1107 3173 diu
1123 3121 1152 3172 iu
1169 3122 1254 3174 Polo·

146 3208 191 3264 nia
208 3212 316 3278 hospes
332 3211 424 3275 latuit,
442 3211 532 3263 donec
548 3224 581 3262 se
598 3223 723 3277 suosque
740 3224 796 3262 una
814 3204 879 3261 cum
896 3223 996 3276 regno,
1013 3209 1049 3262 ad
1067 3215 1194 3262 extrema
1207 3210 1254 3263 de·

147 3297 314 3363 ductus,1n
332 3298 523 3366 turpissimam
540 3297 674 3359 tutelam,
692 3296 753 3349 sive
771 3297 865 3363 potius
882 3297 1069 3349 miserandam
1087 3297 1252 3351 servitutem

147 3385 256 3441 aneac
275 3387 421 3440 obiecerit.
446 3388 507 3452 Quo
525 3387 653 3449 tandem,
671 3385 757 3438 variis
775 3385 907 3453 precihus
924 3385 960 3438 ad
977 3387 1181 3439 restituendum
1198 3385 1253 3438 sibi

149 3487 266 3542 regnum
285 3482 402 3528 evocato
407 3492 416 3540 3
435 3481 495 3527 tum
512 3489 580 3528 vero
599 3475 707 3527 cunctis
726 3474 892 3527 Christianis
906 3474 1053 3541 negotium
1066 3475 1211 3544 praebuit3
1224 3481 1253 3527 et

148 3562 365 3615 sollicitudinem
381 3563 539 3630 Inpetravit
556 3563 715 3621 maximam.
731 3561 931 3631 Eltoasoaur,
946 3566 1069 3624 Eoitosse
1084 3567 1253 3625 caraman

149 3653 240 3704 indice
256 3655 387 3704 mlx.
965 3699 967 3703 ,

213 3737 385 3792 lsthuanfios
408 3738 499 3791 refert
523 3751 587 3790 eum
611 3743 753 3790 momento
776 3728 867 3790 iactae
884 3735 969 3788 huius
986 3736 1124 3789 nefandae
1141 3735 1253 3787 resolu-

45 3846 56 3865 υ
150 3823 249 3891 tionis,
273 3825 405 3879 subtristi
420 3826 503 3880 vultu
520 3831 603 3893 atoue
628 3839 679 3878 ore
704 3825 860 3894 protulisse
876 3824 948 3878 illud
965 3825 1119 3878 Junoninm
1136 3837 1172 3876 ex
1189 3824 1251 3876 Ma·

50 3933 52 3942 ·
152 3925 216 3968 rone
233 3928 362 3968 carmen:
845 3917 849 3926 ’

184 4072 188 4079 ¹
214 4004 362 4058 >Flectere
378 4003 404 4056 si
421 4018 530 4072 nequeo
547 4016 678 4071 superos,
693 4003 855 4057 Acheronta
871 4001 1017 4055 movebar

52 4108 54 4119 ·
157 4090 204 4144 ted
219 4093 328 4146 utinam
343 4091 420 4148 iilius
436 4093 598 4147 Lucretiani
615 4091 804 4145 meminissett

215 4183 337 4242 Tantum
353 4186 468 4238 Ambitio
485 4180 715 4250 potnitsuadc1·o
733 4172 886 4233 maiorumi

1028 4268 1063 4326 n
