2746 4604
1196 201 1252 258 XV

49 325 118 401 iude
138 345 229 399 enata
250 345 300 398 est
319 335 450 399 celebris
477 335 532 397 illa
560 306 731 414 praeteriti-
748 346 779 398 et
805 338 907 399 nostri
933 340 1001 398 aevi
1028 339 1253 401 nomenclatura

51 440 115 505 tres
128 444 245 503 Daciae
263 443 378 522 optime
399 441 556 519 explicans
574 437 615 514 ¹⁸),
645 440 715 503 Hoe
729 442 767 502 ad
783 442 995 521 intelligendos
1019 434 1051 504 et
1069 443 1252 505 refellendos

52 549 250 618 recentiores,
270 565 420 626 nugarum
432 546 670 623 perniciosarum
685 547 853 626 magistros
865 546 1007 607 sufficiat.
1134 550 1139 559 '

150 890 280 952 Romani
291 891 322 950 ln
337 891 459 969 antiqua
472 889 596 950 'halani
609 890 705 951 Dacia
718 891 784 950 suis
803 888 939 968 familiis,
962 889 1209 967 possessionibus
1222 896 1253 950 et

55 996 143 1058 natali
160 998 244 1068 solo',
267 994 346 1074 quod
356 993 421 1069 jam
437 995 573 1070 ipsorum
588 1005 654 1055 erat
667 997 781 1073 patria,
804 994 939 1074 alligati,
959 992 1101 1053 fatalibus
1115 992 1163 1053 his
1177 1002 1252 1053 tems

56 1101 190 1178 poribus,
212 1100 320 1178 quibus
334 1100 451 1158 Romae
466 1116 582 1176 quoque
600 1098 679 1160 haud
698 1101 837 1159 securior
859 1106 925 1158 erat
940 1099 1013 1168 nita,
1035 1114 1123 1182 quarn
1136 1101 1167 1158 ln
1184 1088 1253 1158 ulu-

54 1203 109 1262 nrls
125 1211 229 1262 terrae
246 1201 366 1271 linibus,
387 1203 468 1260 inter
490 1202 615 1279 quosvis
628 1203 750 1280 ignotos
768 1202 928 1283 barbaros,
945 1198 1054 1280 jugum
1069 1193 1251 1270 Gothorum,

55 1306 162 1384 quibus
185 1325 241 1383 per
262 1306 373 1384 viginti
393 1307 489 1365 ferme
512 1323 658 1366 annorum
680 1307 894 1392 comunereium
910 1306 1026 1365 adsueti
1041 1314 1142 1376 eraut,
1169 1302 1253 1365 fe'rre

55 1410 233 1481 maluerunt,
255 1428 344 1487 quam
367 1410 467 1469 omnia
487 1408 563 1469 baec
583 1418 669 1469 certa
688 1410 860 1487 relinquero
880 1409 969 1485 bona,
992 1409 1065 1491 etin
1081 1428 1160 1468 nova
1174 1408 1252 1495 ipsis

29 1506 216 1592 *peregrina
237 1516 368 1573 transire
389 1514 467 1584 loca,
488 1515 605 1574 ineerta
625 1523 805 1592 quaerentes
822 1508 875 1590 ¹⁸⁶).
905 1513 1094 1590 Quapropter
1114 1518 1253 1572 numero·

57 1617 198 1677 sissimae
220 1627 252 1676 et
264 1618 494 1694 potentissimae
509 1618 660 1698 familiae,
681 1616 1040 1699 nequaquam-Aureliani
1055 1616 1252 1678 militaria¹'iu

57 1719 186 1798 lipsiam
202 1730 323 1781 secutae
337 1731 407 1781 sunt
421 1722 582 1798 praesidia,
604 1739 671 1781 cum
684 1721 833 1800 parcioris
849 1722 987 1780 fortunae
1007 1721 1171 1792 iratribus,
1201 1718 1253 1800 qui

57 1825 127 1885 nihil
144 1825 216 1884 hinc
228 1825 302 1884 illue
314 1824 479 1902 perdebant
491 1826 672 1904 migrantes.
700 1828 759 1886 Ast
779 1845 835 1886 nec
857 1826 1028 1914 Gothorum
1049 1825 1122 1886 adeo
1145 1825 1253 1886 durum

58 1931 108 1990 lull
124 1926 248 2010 jugeru,
269 1946 339 1988 nam
360 1928 392 1987 hi
414 1939 447 1988 ut
467 1929 589 1989 barbari
610 1930 739 1989 exbello
751 1932 943 2000 victitantes,
964 1948 999 1988 sa
1012 1931 1043 1987 in
1057 1918 1253 2009 possessione

58 2033 229 2109 prouinciae
248 2030 403 2102 videntes,
425 2033 540 2092 incolas
561 2032 705 2109 pacificos
724 2049 784 2092 non
810 2028 898 2093 modo
918 2052 976 2094 uon
999 2034 1175 2103 turbarunt,
1198 2028 1254 2092 s'ed

58 2137 145 2196 etism
166 2144 274 2215 contra
292 2152 396 2194 omnes
419 2136 497 2195 allos
518 2136 714 2195 defenderunt
731 2137 928 2208 incursores,
950 2146 981 2196 et
998 2146 1031 2196 ut
1050 2146 1149 2196 terras
1170 2145 1252 2194 uan-
1313 2198 1320 2215 ,

59 2239 147 2317 qullle
165 2239 311 2312 colerent,
332 2238 409 2297 unda
424 2239 484 2316 ipsi
501 2258 621 2318 quoque
634 2241 747 2299 victum
761 2258 816 2318 pro
833 2241 941 2318 spolils
956 2241 1074 2301 aliunde
1094 2240 1188 2300 armis
1204 2256 1253 2300 ac·

57 2344 177 2422 quiritis
198 2343 355 2414 haberent,
377 2344 558 2403 animarent.
579 2343 665 2404 Haeo
685 2343 766 2403 inter
786 2341 945 2404 barbaros*
955 2360 1063 2404 secure
1072 2343 1193 2404 vivendi
1205 2338 1253 2403 ra'i

55 2448 112 2518 tio,
134 2448 166 2506 in
182 2456 295 2507 tantm
316 2446 393 2524 apud
410 2465 463 2507 eoa
481 2447 898 2519 abiveratoousuetudinem,
918 2457 953 2508 ut
970 2449 1128 2528 nequidem
1142 2446 1181 2506 ab
1196 2448 1252 2506 im·-

55 2551 241 2612 tuauissirnis
255 2554 382 2611 cunctae
396 2554 536 2630 Europae
549 2560 700 2612 terrorem
716 2551 930 2614 insanientibus
950 2553 1089 2613 barbaris
1113 2551 1232 2610 Hunnis
1238 2591 1252 2632 ,

54 2752 425 2789 ..pp-...mnd-

102 2921 134 2990 *)
150 2924 196 2977 lta
209 2927 362 2992 Falarem,
381 2930 415 2978 nt
429 2922 555 2993 reliquos
571 2929 716 2979 mosomus
732 2936 749 2976 a
767 2926 919 2979 l'tsoroesto
935 2923 1079 2999 usquead
1096 2927 1253 2979 sabens.

86 3029 133 3100 ’Ἴ
151 3033 211 3086 'lhe
228 3033 275 3086 old
293 3040 411 3101 country
428 3035 461 3087 of
473 3035 534 3087 that
551 3047 631 3085 name
645 3031 756 3099 [nacla]
775 3031 911 3095 detained,
929 3033 1072 3099 however,
1090 3046 1106 3083 a
1124 3031 1253 3085 couside-

155 3121 235 3175 rable
251 3123 370 3174 number
386 3123 418 3176 of
432 3124 469 3175 its
487 3122 669 3187 inhabitants,
685 3123 751 3174 who
759 3121 881 3174 dreaded
899 3121 970 3173 exile
983 3115 1071 3184 mo're,
1089 3123 1182 3173 thana
1193 3122 1252 3174 Go-

153 3208 215 3261 thlo
230 3216 345 3263 master.
357 3212 448 3264 These
464 3210 761 3276 degeneratellomaus
779 3209 928 3262 continued
941 3215 970 3262 to
981 3224 1062 3262 serve
1075 3212 1123 3262 tlte
1139 3208 1254 3276 empire,

154 3298 253 3350 whose
271 3297 425 3365 allegiance
442 3298 510 3362 they
526 3298 580 3350 had
598 3295 774 3362 renounced‚
798 3295 833 3362 by
855 3295 1033 3363 introduclng
1056 3311 1157 3363 among
1181 3288 1255 3348 their

155 3399 328 3454 conquerors
345 3388 394 3439 the
411 3385 475 3440 first
491 3373 604 3438 notione
614 3386 655 3439 ,of
668 3384 851 3451 agriculture,
868 3386 916 3436 tbe
932 3385 1026 3436 merul
1043 3391 1116 3450 arts,
1134 3384 1189 3436 and
1206 3385 1255 3436 the

156 3475 360 3528 convenienees
378 3475 411 3528 ol
424 3475 552 3528 olvfllsed
569 3474 627 3527 life.
644 3474 889 3527 An.intereourse‘
901 3473 934 3526 oi
948 3486 1104 3526 commerce
1121 3474 1175 3525 and
1195 3472 1254 3524 lan-

156 3577 260 3631 gusge,
277 3577 337 3615 was
354 3562 502 3630 gradually
519 3563 691 3615 establlsbcd
707 3563 835 3615 between
851 3563 900 3614 the
919 3564 1046 3630 opposite
1057 3563 1149 3614 banks
1165 3564 1254 3616 oltbe

155 3651 292 3712 Danubes
310 3651 364 3704 aud
381 3652 454 3705 alter
471 3652 559 3704 Dacia
576 3651 688 3704 became
706 3665 741 3703 au
756 3651 941 3718 independent
958 3656 1048 3714 state,
1066 3651 1089 3704 it
1100 3651 1176 3704 oben
1189 3666 1254 3718 pro-

156 3741 213 3794 ved
229 3741 278 3794 the
294 3738 402 3793 firmeat
418 3740 529 3793 barrier
546 3741 578 3794 of
590 3741 640 3793 the
663 3739 767 3807 empire
790 3739 901 3805 against
921 3739 970 3790 the
994 3739 1136 3791 lnvasions
1158 3739 1190 3791 of
1205 3739 1254 3791 the

156 3842 278 3896 savages
295 3828 329 3881 ol
341 3829 389 3880 the
401 3829 502 3882 North.
515 3828 542 3880 Α
558 3840 643 3880 sense
660 3828 694 3880 ol
707 3827 827 3879 luterest
843 3827 971 3879 attached
989 3828 1070 3878 these
1087 3837 1165 3878 more
1182 3830 1255 3877 sett-

159 3917 207 3969 led
220 3916 387 3969 barbariaus
399 3921 430 3968 to
442 3917 491 3968 the
502 3916 622 3968 allianoe
635 3916 668 3968 oi
675 3917 774 3979 nomo,
793 3914 847 3966 and
858 3929 874 3966 a
886 3920 1048 3983 permanent
1058 3913 1178 3966 iuterest
1188 3927 1256 3980 very

159 4005 316 4073 frequently
329 4006 425 4074 ripeus
438 4005 497 4058 into
515 4005 625 4058 sincere
643 4005 701 4056 aud
717 4003 812 4056 useful
829 4004 992 4070 triendeutp.
1011 4006 1123 4067 Gttbon,
1137 4005 1190 4054 l'te
1203 4005 1257 4054 m-

158 4103 231 4158 atera
248 4098 282 4154 ot
293 4099 337 4150 tte
352 4097 461 4150 decline
478 4100 533 4151 aad
549 4099 603 4156 solt
617 4099 651 4156 of
662 4098 706 4151 tte
722 4099 827 4148 noman
843 4095 961 4153 amatre.
987 4094 1096 4144 Votume
1119 4095 1162 4145 tlte
1184 4093 1256 4157 first,

160 4185 243 4244 ctare.
256 4185 307 4235 xl.
