2746 4604
1125 167 1262 224 xxxvn

58 303 112 373 rit,
134 308 167 362 et
186 302 331 369 univevsa
351 302 499 384 Buigtria
520 311 610 384 atque
629 298 755 376 Blacia,
775 314 807 366 et
826 306 926 366 munis
947 305 1069 384 Imperii
1089 308 1150 367 mei
1170 308 1263 384 perti·

59 409 174 478 nentia,
194 408 283 468 valde
303 410 498 489 glorificavit,
511 419 552 470 et
569 420 706 475 vestram
720 412 910 471 sanctitatem
922 413 1137 490 magnificavit.
1152 411 1263 472 Scribo

58 521 162 572 autem
182 513 271 573 vobis
293 523 324 572 et
344 514 379 573 de
400 512 704 594 ngampn'oniam‘
719 517 880 593 imperium
900 524 1000 574 meum
1023 533 1089 575 non·
1104 512 1196 575 habet
1210 516 1263 575 aii·
1328 500 1329 505 ἵ

58 634 151 692 quam
172 619 355 677 societatem.
370 619 532 697 regionum
543 619 596 688 vel
610 620 742 697 aliquam
757 638 827 679 rem
841 636 910 679 cum
927 637 975 694 eo,
996 619 1146 696 neque-ci
1156 626 1263 688 nocet3

56 721 152 778 immo
172 721 246 797 ipse.
261 722 451 799 parvipendit
472 732 504 782 et
523 733 612 783 nocet
631 721 811 803 regionibus
833 710 953 800 imperii
974 724 1051 782 mei,
1065 724 1104 781 ut
1112 722 1264 781 Dominus

56 825 120 883 neo
145 824 323 884 Oardinaiis
337 826 422 894 vidit,
445 834 476 886 et
497 829 620 886 vestrae
642 828 795 887 sanctitati
821 826 1008 885 annuntiabit
1025 823 1143 899 justum
1156 825 1207 884 vei
1222 825 1266 883 in·

53 926 183 1001 justum,
205 929 283 1006 qnod
304 938 353 989 est
373 926 410 988 ab
430 930 559 1006 imperio
581 947 660 1001 meo,
682 940 735 990 aut
755 930 786 990 si
806 949 866 1009 ego
886 929 1071 1006 parvipendo
1092 930 1264 1007 nugarum,
1337 933 1342 950 “

55 1033 104 1091 vel
126 1033 157 1090 si
176 1032 244 1108 ipse
263 1049 365 1098 meum
384 1032 546 1109 imperinm
573 1034 773 1111 parvipendit.
801 1035 840 1092 ut
865 1033 982 1092 scribat
1001 1033 1030 1092 ci
1053 1033 1198 1092 sanctitas
1211 1049 1264 1090 ve·

47 1143 123 1195 »sura
144 1145 294 1214 qnatenus
316 1136 408 1196 distet
428 1137 466 1196 ab
487 1155 584 1216 regno
600 1156 693 1209 meo,
722 1138 863 1216 qnoniam
890 1137 1056 1215 imperium·
1078 1154 1181 1196 meum
1208 1152 1265 1195 nee

57 1258 126 1297 eum
148 1239 243 1298 habet
260 1232 489 1318 parvipendere,
511 1259 567 1301 neo
587 1251 817 1302 castraserras
839 1244 906 1301 eins
928 1240 1023 1301 abire.
1044 1240 1080 1300 si
1100 1257 1178 1299 vero
1196 1239 1264 1316 ipss

55 1343 178 1401 venerit
197 1352 423 1404 contestamus
443 1346 564 1422 imperii
585 1346 657 1416 mei,
680 1354 712 1405 ct
725 1346 811 1404 Deua
833 1343 983 1418 adiuverit
995 1344 1264 1412 utvincatnr,nen

56 1445 167 1504 habent
188 1448 336 1507 sanctitas
356 1457 462 1509 vestra
481 1449 643 1529 imperium
655 1468 758 1509 meum
774 1458 960 1526 suspectum,
973 1448 1027 1506 sed
1044 1447 1264 1506 simliber.1)s

57 1549 185 1610 Latinis·
201 1568 320 1629 qnoque
343 1552 395 1629 qui
417 1552 708 1630 Constantinopolim
730 1546 972 1628 introierunt⁸)‚
988 1550 1088 1610 scribo
1111 1550 1265 1610 sanctitati

56 1662 199 1731 vestrae,
219 1655 315 1734 uteie
332 1655 487 1725 scribatis,
510 1657 589 1734 quod
610 1657 724 1716 distent
745 1657 782 1716 ab
803 1655 934 1733 imperio
956 1673 1035 1725 meo,
1057 1664 1087 1715 et
1108 1655 1188 1735 sicut
1208 1654 1264 1713 im·
1291 1651 1293 1668 ¹

58 1757 175 1832 perium
197 1775 297 1817 meum
318 1759 434 1818 nullum
454 1761 566 1818 maium
589 1760 635 1820 eis
656 1761 741 1830 iacit,
764 1764 863 1837 neque'
882 1758 942 1836 ipsi
962 1776 1020 1817 uos
1036 1757 1262 1835 parvipendant.

58 1859 92 1917 Si
112 1861 195 1921 sorte
217 1862 278 1938 ipsi
300 1862 399 1922 conati
421 1863 535 1924 inerint
556 1872 662 1923 contra
683 1864 843 1941 imperium
865 1880 991 1932 meum,
1016 1870 1046 1921 et
1067 1860 1262 1939 parvipende-

58 1962 219 2034 tintcum,
243 1973 274 2024 ct
295 1965 448 2024 occidetur
468 1983 508 2025 ex
530 1967 593 2035 eis,
609 1976 667 2026 non
689 1965 799 2025 haheat
820 1967 966 2025 sanctitas
976 1963 1088 2024 ,vestm
1102 1965 1263 2041 imperium

59 2083 156 2125 meum
179 2077 380 2144 suspectum,
394 2069 450 2128 sed
471 2069 534 2128 sint
554 2071 710 2128 universa.
720 2069 827 2134 litora
849 2070 924 2129 ntisi
937 2078 1038 2128 aetem
1052 2067 1090 2127 ad
1104 2077 1186 2127 tuam
1199 2084 1263 2126 mas

61 2188 148 2246 mam
170 2173 369 2232 sanctitatem.
383 2191 496 2250 pueros
518 2173 606 2235 duos.
635 2173 723 2233 Unus'
742 2173 917 2232 nominatur
937 2173 1084 2232 Basilius>
1102 2171 1183 2231 adua
1204 2174 1263 2230 Bc-

60 2273 167 2333 thelem
179 2269 284 2352 ”tut
303 2277 392 2335 detur
412 2295 457 2336 eux
472 2285 633 2353 praecepto
655 2278 735 2346 eius,
756 2286 792 2335 ut
812 2276 969 2336 addiscant
988 2277 1018 2334 in
1042 2273 1159 2333 scholia
1181 2275 1260 2333 litte·

60 2379 252 2450 rasLatiuas,
273 2381 414 2458 moniam
435 2380 485 2440 hic
506 2382 724 2459 grammaticos
746 2400 805 2439 non
827 2381 985 2450 habemus,
1008 2382 1058 2458 qui
1079 2381 1199 2457 possint
1212 2380 1260 2440 lit·

10 2518 13 2559 p
59 2488 139 2541 teras
161 2503 240 2560 qaas
259 2486 380 2544 mittitis
400 2486 488 2544 nobis
509 2486 698 2554 transscensa
729 2495 760 2544 et
780 2490 940 2562 postquam
968 2485 1182 2553 addidiccrint,
1211 2502 1260 2543 re·

10 2574 14 2656 ,’
58 2586 212 2646 mittentur
243 2588 280 2647 ad
308 2589 468 2665 imperium
496 2607 608 2650 meum.
638 2589 1060 2665 Misiautemadpraesena
1082 2572 1258 2679 insignum

59 2703 165 2762 parvae
186 2692 407 2750 recordationis
430 2693 563 2750 examita
584 2692 654 2762 duo,
677 2694 804 2769 episima
822 2691 1039 2767 dupla,.unnm
1060 2699 1113 2749 est·
1129 2695 1257 2754 rubeum

56 2799 84 2848 et
102 2793 189 2853 aliud.
206 2794 325 2870 album,
355 2803 385 2854 et
404 2794 555 2855 camelum
577 2814 680 2856 unum.
709 2795 784 2854 Cum
804 2812 878 2853 vero
909 2795 1026 2853 mittam
1047 2795 1197 2872 Legatum
1219 2794 1255 2852 ad

27 2964 29 2968 Α
57 2898 247 2956 sanctitatem.
262 2908 408 2969 vestram,
430 2916 552 2974 semper
571 2908 695 2958 vestrae
716 2898 887 2959 sanctitatis
909 2898 1104 2957 recordabor.

148 2995 241 3082 [tium
262 3001 430 3061 Balduinus
453 3002 764 3079 constantinopoleos·
788 3004 958 3078 Imperator
987 3003 1018 3060 in
1048 3000 1253 3078 opugnatione

57 3102 290 3181 adrianopoleos
308 3105 438 3163 aBlacis
459 3114 565 3182 captus
587 3099 668 3187 init]
690 3107 841 3166 Dominus
855 3106 938 3182 Papa
954 3123 1009 3182 pro
1030 3105 1170 3163 libertate
1184 3104 1252 3162 eins

56 3206 184 3265 nuntium
210 3209 380 3285 specialem.
405 3208 446 3267 ad.
469 3209 639 3285 praefatum
658 3208 868 3269 iohannitium
890 3224 959 3269 cum
979 3207 1028 3265 his
1060 3206 1172 3265 litteris
1200 3206 1252 3266 de·

55 3310 179 3371 atinavit.

143 3416 191 3474 lix
212 3416 266 3475 illa
286 3417 388 3495 gratia
408 3415 544 3494 speciali,
566 3433 625 3494 qua
645 3425 676 3476 te
697 3416 939 3496 glorificavimus
953 3416 1034 3474 intes
1048 3409 1154 3474 omncs
1162 3414 1249 3473 Prin·

57 3516 132 3593 cipes
153 3517 347 3581 christianos
368 3520 561 3599 usqueadeo
583 3529 614 3580 te
635 3519 810 3599 diligimus,
838 3528 871 3579 ut
891 3520 929 3580 ad
951 3529 1040 3578 tuum
1056 3519 1247 3579 commodum

54 3628 81 3680 et
98 3620 249 3682 honorem
277 3623 443 3685 efficaciter
463 3625 652 3703 aspiremus,
680 3643 737 3703 pm
758 3634 843 3686 certo
872 3632 1039 3702 sperantes
1061 3622 1141 3702 quud
1162 3631 1194 3682 tu
1215 3621 1246 3681 in

50 3808 423 3832 Μ

90 3973 293 4041 *Nerienem
311 3977 501 4032 occidentales
519 3976 661 4046 cruciferi,
678 3978 780 4033 Franci
797 3976 985 4046 potleaimum.
1104 4030 1110 4043 ,
1140 4050 1144 4057 ι

75 4062 123 4132 “)·
133 4065 258 4118 Basilius
267 4065 379 4118 Primae
396 4066 425 4118 in
442 4067 497 4121 alia
514 4067 635 4135 epistola
651 4066 720 4120 dicit
737 4080 823 4120 unum
841 4082 876 4120 ex
894 4067 940 4119 his
951 4079 1015 4118 ease
1028 4063 1114 4116 fliium
1126 4061 1246 4128 Presby-

141 4153 196 4209 teri
217 4155 404 4222 ccnstautini,
420 4156 506 4212 adum
522 4171 592 4212 vero
608 4156 696 4226 Regis
714 4156 820 4225 ipsius,
837 4155 911 4209 haud
929 4153 1041 4209 uomica
1057 4165 1176 4222 ponens.
