2746 4604
1149 205 1257 259 XXXV

52 360 105 403 rae
129 337 257 414 dejure
280 342 322 402 sit
344 327 502 421 dominus,
523 342 595 405 licat
616 344 747 422 aliquam
768 351 884 422 purtem
906 345 951 404 tui
965 355 996 405 et
1008 345 1099 406 aliam
1113 345 1202 424 regni
1216 347 1258 404 al·

50 447 149 505 terius
170 446 207 506 ad
230 455 348 524 tempus
370 449 502 510 detincat
526 459 711 527 occupatam,
733 448 810 508 unde
831 450 955 508 miraris
978 448 1057 528 quod
1080 457 1143 510 tarn
1163 450 1257 509 mani·

50 551 167 611 festum
187 551 344 611 inimicum
365 561 450 613 tuum
471 564 501 613 te
522 555 693 614 inconsulto
715 562 776 613 tam
798 553 896 612 subito
912 554 944 612 in
957 555 1076 633 Regem
1091 573 1258 633 proposue-

51 656 151 713 rimus
172 670 333 726 coronare,
355 675 445 716 secus
467 666 634 717 esttamen
656 675 695 715 ex
717 658 818 734 aliqua
839 666 936 734 purte,
958 666 992 716 u't
1013 658 1100 719 salva
1120 659 1164 717 tui
1185 674 1258 735 pace

50 757 223 835 loquamur,
245 777 314 819 eum
336 779 430 837 super
450 761 509 821 lroc
529 779 588 821 non
609 761 697 838 plene
712 761 838 821 noveris
850 760 1019 820 veritatem.
1040 762 1116 820 biam
1131 763 1259 840 antiqui·

52 871 102 920 tus
122 862 212 922 multi
222 865 326 943 Reges
348 865 377 924 in
399 867 547 945 Bulguria
568 866 744 925 successive
759 858 883 952 fuerunt
896 867 1076 925 auctoritate
1092 868 1258 943 apostolica

52 966 203 1036 coronati,
223 969 305 1027 sieut
324 969 435 1030 Petrus
457 981 487 1032 et
508 969 645 1041 Samuel,
666 970 769 1029 etalii
790 969 925 1029 nonnulli
946 979 1017 1048 post
1038 989 1101 1031 eos.
1122 972 1197 1030 Nam
1220 970 1257 1029 ad
1296 982 1300 989 ·

51 1068 307 1144 praedicationem
329 1083 453 1133 sanctae
475 1075 645 1135 memoriae.
659 1074 777 1133 liiculsi
798 1073 1048 1151 praedecessoris
1070 1076 1259 1135 nostri-ltux

51 1174 313 1252 llulgcrorumd
323 1178 784 1256 quorumeonsultasaepissime
794 1179 995 1257 respondebat
1008 1177 1077 1238 cum
1087 1188 1153 1238 tcto
1162 1173 1258 1258 regno

52 1277 111 1337 sibi
134 1280 300 1339 commisso
321 1283 433 1340 meruit
453 1283 619 1359 baptisari3
641 1282 695 1341 sed
715 1282 835 1341 tandem
857 1283 1102 1363 praevalentibus
1116 1282 1258 1352 (luseris,

53 1379 185 1458 llulgari
200 1380 394 1458 perdiderunt
406 1386 525 1463 regiam
535 1385 734 1464 dignitatem
757 1385 931 1463 quinimmo
946 1386 1175 1462 compulsisunt
1182 1384 1259 1464 jugo

53 1483 235 1560 imperatori
256 1486 588 1566 (ioustmtinopolimno
609 1490 741 1559 servire,
763 1490 859 1550 donec
876 1490 1042 1550 novissime
1059 1490 1117 1550 duo
1133 1492 1258 1558 trames,

54 1586 168 1647 Peiros
189 1589 333 1650 videlicet
354 1591 602 1672 etJobannitius,
625 1592 662 1651 de
682 1593 819 1670 priorum
829 1594 949 1670 licgum
971 1593 1114 1670 prosapia
1135 1592 1259 1652 descen·

55 1689 171 1760 dentes,
193 1700 308 1753 terram
329 1703 449 1772 patrum
471 1712 598 1755 suorum
618 1713 678 1756 nou
701 1705 761 1755 tam
784 1713 944 1772 occupare,
966 1715 1061 1775 quam·
1077 1712 1260 1774 recuperare

55 1806 232 1875 coeperunt,
252 1799 295 1857 ita
315 1799 395 1877 quod
415 1815 476 1859 una
495 1799 544 1859 die
566 1801 601 1860 de
622 1800 744 1879 mugnis
766 1801 960 1878 Principibus
981 1809 1012 1862 ct
1024 1801 1194 1860 innumeris
1208 1819 1260 1878 po·

56 1901 135 1976 pulis
156 1903 327 1963 mirabilem
348 1913 421 1964 sunt
439 1906 600 1964 victoriam
621 1906 811 1983 consequuti.
839 1907 905 1964 Non
918 1924 995 1984 erge
1010 1924 1169 1984 negamus.
1189 1905 1258 1984 quia

57 2006 188 2095 aliquam
208 2015 326 2085 partem
346 2017 450 2069 terrae
468 2009 620 2070 uiolenter
640 2010 828 2093 invaserint,
858 2010 912 2069 scd
942 2014 1118 2070 constanter
1145 2009 1260 2068 asseri·

59 2128 145 2181 nus,
174 2112 253 2190 quod
280 2111 441 2189 plurimam
470 2109 559 2194 regni
589 2123 706 2192 partem
733 2113 859 2188 dejure
880 2130 1102 2190 recuperavere
1121 2114 1259 2190 paterno.

61 2213 141 2275 Unde
161 2234 219 2275 nos
241 2234 310 2275 eum
330 2235 391 2278 nou
412 2236 506 2295 super
528 2218 676 2289 alienam,
705 2218 760 2277 sed
782 2236 875 2295 super
896 2218 1050 2295 propriam
1078 2222 1195 2276 terram
1223 2215 1259 2274 ad

59 2319 153 2378 instar
174 2320 445 2397 praedecessorum
466 2331 642 2382 nostrorum
663 2324 781 2396 Regem
803 2322 986 2382 intendimus
1008 2334 1178 2391 coronare,
1205 2339 1258 2381 vo·

59 2422 153 2513 lentes
164 2431 199 2481 ut
218 2424 286 2500 ipse
306 2411 425 2488 terram¹
441 2427 584 2486 restituat
604 2423 716 2500 injuste
737 2426 900 2496 detentam,
921 2435 953 2484 ct
972 2434 1057 2485 terra
1078 2425 1191 2541 injupte
1211 2443 1260 2484 re·

59 2534 139 2587 tenta
159 2528 339 2613 restituatur
360 2530 474 2599 eidem;
495 2538 564 2589 cum
583 2531 650 2606 ipse
672 2530 873 2607 postulaverit
887 2530 944 2590 hoc
958 2531 1087 2600 anubis,
1100 2539 1136 2588 ut
1150 2531 1187 2589 de
1199 2540 1260 2589 ter·

60 2630 101 2688 ris
131 2630 248 2690 invasis
292 2633 440 2692 iaciamus
474 2635 554 2693 inter
583 2641 613 2692 te
639 2642 670 2692 et
703 2635 803 2710 ipsum
839 2635 959 2713 utrique
993 2634 1072 2710 parti
1105 2632 1258 2708 justitium

60 2732 205 2793 exbiberi.
234 2734 310 2794 (lum
330 2737 426 2814 igitur
447 2735 560 2795 nuntiis
582 2737 700 2795 nostris
721 2737 758 2795 ad
779 2754 848 2795 eum
870 2746 902 2796 et
921 2739 1035 2797 nuntiis
1057 2739 1123 2797 eius
1144 2737 1182 2797 ad
1202 2752 1259 2796 nos

10 2880 12 2893 .
60 2853 115 2897 uun
136 2838 237 2899 solum
257 2840 387 2903 liberum
408 2841 603 2900 concesseris
624 2842 805 2910 transitum,
818 2860 932 2900 verum
946 2843 1037 2901 etiam
1050 2858 1192 2900 securum
1207 2841 1259 2905 uu.-

10 2930 12 2939 ’
60 2951 167 3013 catum,
188 2962 247 3004 non
269 2945 427 3005 debuimus
449 2944 578 3021 opinari,
601 2945 681 3022 quod
702 2946 768 3021 ipse
788 2945 843 3003 tibi
864 2954 950 3003 esset
967 2930 1188 3005 infestissimus
1202 2944 1258 3003 lni-

60 3048 163 3117 micus,
187 3048 242 3107 sed
264 3066 319 3126 per
339 3056 464 3108 nostrae
476 3038 690 3107 sollicitudinis
709 3048 841 3107 studium
855 3049 1083 3107 inimicitiarum
1099 3048 1258 3107 ercsdons

60 3151 185 3221 sublata,
206 3150 243 3211 de
265 3153 395 3212 inimicis
412 3153 481 3212 lieri
498 3151 627 3211 valeatis
648 3152 747 3211 amici.
769 3152 833 3210 Ilec
854 3161 979 3228 repente
996 3153 1205 3228 processimus
1221 3150 1258 3209 u'l

60 3252 112 3314 boc
124 3255 282 3333 negotium
302 3255 587 3323 consummandum,
609 3271 679 3312 cum
699 3255 877 3330 lrequenten
898 3254 934 3312 ad
955 3273 1024 3313 eurn
1045 3257 1258 3315 nuntios'cum
1317 3261 1319 3264 ’

60 3357 166 3420 litteris
188 3361 304 3420 nostris
325 3369 451 3438 propter
472 3360 530 3418 lmc
553 3344 762 3418 curaverimus
785 3358 950 3428 destinare,
970 3368 1005 3418 ut
1023 3359 1117 3418 tiliam
1134 3375 1258 3418 revocat

61 3481 158 3525 remus
179 3464 218 3523 ad
239 3473 379 3534 matrem,
401 3473 432 3523 et
452 3464 620 3522 membrum
641 3462 856 3521 reduceremus
874 3462 910 3520 ad
927 3471 1026 3538 caput,
1048 3460 1257 3540 quaternisue·

11 3567 13 3577 '
60 3577 104 3627 set
122 3587 216 3628 mmm
238 3569 318 3628 ovile
339 3579 372 3629 et
390 3584 469 3628 uuus
491 3579 606 3645 pastor.
629 3609 639 3630 .
661 3608 669 3626 .
692 3609 700 3626 .
722 3567 886 3626 Reddimus
902 3584 977 3644 ergo
998 3566 1255 3644 paucissimis-d·

60 3672 194 3746 plurimis
216 3675 363 3743 rationes,
384 3691 422 3732 ne
443 3672 534 3731 nimis
557 3690 705 3748 expresse
725 3673 886 3748 responsio
902 3682 932 3731 te
952 3672 1077 3732 nimium
1098 3671 1257 3730 conturbet

60 3785 171 3838 ret...
191 3777 319 3836 Attende
340 3777 539 3839 nibilominus
559 3776 739 3854 diligenter,
769 3776 857 3852 quale
878 3770 1205 3852 denique'repatsresss
1228 3777 1256 3834 sl

62 3895 111 3938 uos
130 3881 277 3956 impedire
298 3881 465 3957 vellemus„
480 3899 518 3939 ne
540 3881 621 3939 filius
643 3889 714 3938 tuus
735 3878 867 3937 carnalis
881 3881 1022 3938 coronari
1035 3881 1135 3956 possit
1150 3874 1179 3938 in
1197 3876 1256 3938 lle·

34 4035 38 4052 ‚
63 3999 139 4058 gem,
162 3994 193 4044 ct
210 3987 272 4045 tale
289 3969 347 4045 nos
359 3994 501 4062 reputare
518 4001 671 4062 cognosce
689 3984 717 4041 si
735 3992 768 4041 tu
790 3982 936 4058 impedire
952 3984 1092 4052 coneris,
1114 4002 1151 4042 ne
1172 3985 1254 4043 filies

63 4096 159 4148 tosmr
179 4089 350 4166 spiritualis
372 4090 402 4148 in
423 4091 540 4167 Regem
554 4087 655 4147 valeat
676 4087 828 4155 coronari,
849 4084 932 4144 tilius
953 4087 1075 4163 inquam
1096 4087 1254 4166 prodigus,

65 4193 108 4266 qui
126 4194 199 4256 slim
221 4208 291 4257 cum
312 4192 526 4255 meretricibus
540 4190 669 4252 vivendo
685 4191 843 4251 luxuriose
857 4189 1073 4255 'substantiam
1089 4191 1269 4268 dissipatu,

1014 4297 1082 4365 (32
