2746 4604
1176 171 1241 226 1le

39 299 228 360 constantior
243 301 302 372 sito
322 300 489 380 Hispanico
502 301 686 365 eucranoios
701 303 781 367 inter
795 320 831 365 se
847 321 977 384 quoque,
986 306 1041 366 sed
1055 323 1073 366 o
1086 308 1239 385 prioribus

38 403 87 464 vel
99 404 233 466 maxime
248 403 400 467 differunt.

137 525 172 593 li.
199 529 304 588 Italica
318 537 348 588 et
364 531 531 591 Romonica
547 531 696 608 pluralem
710 549 871 593 numerum
895 533 925 591 in
947 534 1070 593 uocales
1088 535 1242 606 iormani;

41 630 207 709 Hispanico
220 641 321 690 eutem
337 643 368 693 ct
382 636 529 695 Francica
543 636 574 694 in
588 654 756 705 consonos,
778 637 899 697 etiamsi
913 637 1081 714 singularis
1099 640 1131 699 iu
1152 658 1244 701 voca·

42 735 84 795 les
100 736 283 797 terminatus
297 739 406 807 luerit3
436 740 557 816 priores
577 739 716 799 adamant
735 739 833 816 quoad
851 740 911 803 hec
931 741 1060 818 primam
1082 751 1114 802 et
1136 761 1243 804 secun·

44 839 108 898 lom
121 839 301 899 hiinorum
315 841 750 921 declinationemposteriores
762 845 893 914 tertium,
905 853 1042 924 quartam
1055 855 1088 905 ct
1099 847 1243 925 quintam.

141 964 174 1026 5.
202 965 328 1036 ltelico,
348 965 517 1043 Hispanico
536 977 568 1027 ci
581 964 728 1028 Francica
743 969 920 1030 Nominibus
934 969 1104 1031 Articulum
1117 989 1243 1048 praepo·

10 1068 12 1073 '
48 1077 126 1138 nuni,
147 1078 178 1130 et
190 1087 249 1151 uon
266 1068 438 1139 declinant3
459 1073 626 1132 Romanica
641 1046 840 1133 communiter
853 1076 1008 1152 postponit
1020 1083 1051 1137 ct
1065 1074 1204 1138 destinae
1316 1121 1321 1139 .

140 1194 172 1256 c.
201 1191 369 1271 Hispanico
389 1204 419 1255 ct
436 1196 603 1257 Romanius
623 1197 756 1258 iormani
776 1200 1030 1275 comparutionem
1054 1199 1172 1261 adiecto
1185 1198 1265 1290 Aul-⁸

52 1296 146 1355 verbio
167 1299 289 1378 usuam
310 1297 415 1358 italica
431 1308 463 1360 et
479 1301 626 1362 Froncica
639 1302 814 1378 praeposito
826 1301 915 1382 plue.

142 1425 172 1488 7.
193 1425 359 1485 Romenica
378 1425 508 1499 declinat
521 1426 706 1488 Pronominu
725 1425 923 1504 simpliciter,
943 1427 1120 1487 Latinorum
1133 1444 1237 1497 more,

55 1527 157 1598 italica,
177 1527 345 1606 Hispanico
363 1539 393 1590 et
407 1531 555 1591 Francica
575 1531 685 1590 formis
706 1529 897 1608 simplicibus
922 1548 1013 1590 casus
1035 1530 1173 1609 obliquos
1193 1549 1246 1591 ex·

56 1632 242 1706 primentibus
256 1635 354 1694 instar
370 1634 599 1712 particularium
617 1643 742 1696 utuntur
760 1634 935 1697 dictionum.

140 1758 172 1822 8.
193 1758 376 1818 Pronomina
393 1757 578 1839 personalia,
598 1759 629 1818 in
649 1760 798 1828 omnibus,
820 1776 876 1837 pro
891 1758 1003 1820 Detivo
1020 1765 1051 1817 ei
1064 1758 1246 1821 iiccnsoiivo

59 1871 117 1915 casu
127 1861 268 1936 proprios
281 1858 454 1922 decurtatos
470 1863 647 1923 coniunctos
661 1861 774 1924 babent
786 1862 919 1933 iormasc
940 1863 971 1921 in
990 1862 1139 1922 Francica
1154 1861 1245 1923 etiem
1305 1880 1309 1888 ·

10 1956 34 2071 ᾗ,
59 1960 369 2041 reliqnoPronomina.

29 2082 33 2161 ἰ
140 2087 174 2150 9.
202 2086 326 2166 italice,
347 2090 514 2150 Romenica
526 2100 557 2149 et
570 2088 737 2166 Hisponica
758 2088 922 2167 coniugam
940 2105 998 2148 sua
1011 2086 1116 2148 Verba
1131 2087 1246 2166 absquo

12 2192 33 2243 u
59 2183 293 2259 ironominibus,
314 2192 463 2252 Francico
478 2192 539 2251 nisi
554 2209 622 2251 cum
637 2191 702 2260 bist
721 2186 878 2272 (magnum
895 2191 1003 2266 onusi)

54 2413 77 2471 in
91 2417 232 2488 uocales,
251 2418 418 2498 Hispanico
434 2430 465 2479 et
482 2421 629 2480 Francicus
643 2419 674 2478 in
688 2436 849 2491 consonas,
869 2420 914 2478 uti
928 2419 959 2477 in
973 2417 1162 2481 Nominibus.

144 2540 197 2607 11.
217 2540 386 2620 Hispanico
401 2553 432 2604 et
445 2545 612 2605 Romanico
635 2545 666 2603 in
681 2544 795 2603 Verbis
813 2543 914 2603 omnia
927 2541 1040 2604 babent
1052 2542 1160 2603 Latina
1171 2550 1247 2602 tern-

53 2645 291 2723 porosimplicia,
303 2646 508 2726 et'praetcrea
522 2650 613 2709 ctiam
622 2649 802 2726 composiia;
810 2648 916 2708 Italica
929 2657 960 2707 et
966 2646 1113 2708 Francicus
1127 2651 1242 2706 mnium

49 2753 180 2823 tempora
198 2751 451 2830 reiimperoctae3
472 2750 590 2824 (demto
605 2752 751 2831 prateriio
764 2753 931 2828 perlecto)
947 2751 1065 2830 reliqna
1078 2767 1152 2809 vero
1165 2764 1245 2810 com·

49 2853 154 2924 posita.

10 2956 12 2961 ’
143 2957 193 3020 12.
218 2958 339 3028 lialica,
367 2959 535 3037 Hispanico
559 2960 914 3020 ei'll'rancicaiormant
935 2958 1132 3018 futurumst
1147 2955 1246 3017 iuiiui·

10 2324 32 2707 j
143 2314 194 2378 ib.
216 2316 322 2400 italica
345 2324 377 2376 ei'
389 2317 555 2376 Romanica
576 2317 709 2375 formant
727 2316 875 2393 pluralem
889 2313 1065 2374 Verborum
1086 2330 1245 2374 numerum

10 3126 12 3143 ἱ
50 3057 105 3117 iivo
119 3058 208 3120 modo
227 3061 325 3121 Verbi
339 3063 517 3139 principalis
534 3064 699 3124 auxiliante
714 3062 815 3122 habco
829 3061 988 3123 articulate
1002 3061 1244 3129 ueniuncioolle·

10 3146 13 3253 ἑ
50 3163 160 3222 manica
175 3173 275 3223 autem
286 3165 390 3225 Verbo
405 3167 536 3246 simplici
554 3169 678 3244 antiquo
691 3164 791 3226 sormi
807 3166 927 3234 Latina,
949 3173 1108 3243 praetcrea
1122 3180 1243 3240 compo-

10 3262 12 3337 j
52 3265 105 3323 sito
123 3285 192 3326 curu
215 3269 358 3329 auxiliari
379 3269 470 3340 colo,
498 3271 579 3350 quod
596 3270 706 3330 Franci
725 3289 844 3348 quoque
858 3269 974 3345 soient,
996 3269 1132 3348 apposito
1158 3268 1243 3328 auxi·

10 3348 12 3405 i
51 3367 114 3429 lieri
127 3370 221 3435 vado.

142 3494 192 3558 13.
215 3495 407 3565 Perimulae,
428 3496 594 3573 etquidem
615 3497 881 3574 Praepositiones‚
896 3497 1075 3556 Hominibus
1098 3495 1246 3557 declinan-

51 3593 91 3653 tlis
113 3597 301 3667 inserviunt,
323 3599 362 3658 de
383 3601 420 3659 ad
441 3601 616 3663 Gonitivum
639 3602 885 3681 exprimendum,
906 3603 951 3662 ad
973 3602 1009 3660 ad
1030 3601 1194 3670 Dativnm,
1215 3601 1246 3659 in

10 3728 16 3747 ι
50 3698 157 3760 Verbis
179 3711 282 3763 antem
305 3703 343 3769 ad
368 3704 477 3765 Latina
499 3704 655 3764 Gerundia
677 3686 850 3774 indicanda3
880 3714 912 3765 et
932 3707 963 3764 in
986 3706 1045 3765 boc
1065 3704 1248 3767 conveniunt

49 3821 159 3866 omnes.

142 3908 175 3974 li.
206 3910 239 3969 lu
259 3889 484 3973 constructione
525 3895 648 3984 italica,
676 3913 841 3972 Homsnica
862 3920 894 3971 et
912 3908 1079 3990 Hispanico
1105 3928 1246 3990 magnam

48 4013 351 4083 massiliensem,
373 4011 521 4077 Francica
536 4017 670 4076 serviles
688 4018 831 4076 observat
846 4015 1006 4079 formulas.

146 4137 313 4217 Sequentia
328 4142 466 4218 exempla
481 4143 517 4202 ad
531 4140 710 4203 illustrando
723 4141 801 4200 dicio
819 4140 968 4200 serviant:
