2746 4604
1171 133 1240 189 xlx

43 285 185 354 reguum,
205 285 246 333 cx
267 291 329 352 qua
348 269 493 354 progenie
516 269 634 336 obium
653 268 874 344 descendebat,
890 272 988 354 longe
1009 282 1079 352 post
1101 283 1239 351 tempore

45 373 195 439 amma
210 377 390 437 interfectus
411 377 453 455 ¹³).
474 378 615 438 Meminit
636 378 740 439 eadem
761 377 892 438 historia
911 370 1008 439 Ducis
1031 390 1150 456 quoque
1162 375 1241 438 Ma·

47 481 82 539 tii
91 482 156 541 sive
168 472 313 558 Marioti,
336 469 495 564 (Marcet
508 491 539 542 et
551 470 783 543 Mendmoroot
805 481 913 543 scribit
926 479 1072 542 Notarius
1097 481 1177 541 mele
1195 481 1240 540 lu·

48 592 220 661 terpretatur
236 603 343 644 nomen
360 572 655 665 illicce-Mari&
678 585 881 662 quiditiouem
895 603 988 662 supra
1002 586 1165 644 Marisium
1172 586 1242 665 ,ln-¹

10 738 12 751 .
50 688 171 748 terhuuc
186 690 343 750 fluviuma
364 687 509 758 meridie,
529 688 733 766 Partbyscum
748 688 785 748 ab
801 688 1201 761 occidentaetsamtstum
1222 707 1242 749 a

10 840 15 856 .
51 784 303 868 septemtrionibus
325 792 465 863 tenebat,
486 770 627 854 contlilua
648 794 716 854 iude
737 814 756 854 a
777 795 948 871 priscorum
970 803 1106 870 tempore
1128 795 1239 852 Roma·

10 924 16 972 p
50 909 141 954 norum
171 877 387 968 successione,
417 898 506 956 cuius
527 917 674 974 proavum
696 891 831 957 eiusdem
850 882 983 957 bominis
1005 896 1099 956 Attila
1121 895 1237 955 occide·

50 1007 86 1057 rat
108 997 169 1072 **).
211 998 272 1060 Hic
301 1001 505 1059 transactione
533 1019 602 1060 cum
628 1002 749 1078 Arpadu
779 1003 877 1070 facta,
906 1009 937 1059 et
957 1000 1021 1058 lilia
1042 1017 1116 1070 sua,
1146 1017 1237 1077 quam

49 1103 151 1162 unicam
173 1090 312 1173 babebat,
332 1104 439 1163 Zoltae
461 1105 574 1182 Arpadi
594 1096 658 1190 tilio
680 1106 711 1164 iu
734 1106 960 1166 matrimonium
981 1104 1062 1172 data,
1084 1106 1157 1162 aine
1169 1101 1240 1180 filio

46 1200 199 1283 ‘smmum
229 1224 365 1283 ragnum
385 1225 482 1267 auom
502 1209 641 1269 totaliter
662 1208 776 1269 Zeita&
795 1228 916 1286 genero
941 1209 1061 1267 dimisit
1086 1209 1121 1268 in
1145 1223 1238 1286 pace.

48 1616 108 1678 tude
126 1620 225 1678 Dacia
246 1619 403 1682 orientalis
425 1622 548 1697 saepius
571 1639 588 1679 a
609 1621 748 1680 barbaris
771 1631 889 1681 vastata
893 1664 905 1699 ,
927 1623 1016 1681 novis
1029 1623 1141 1679 iterum
1156 1621 1238 1678 inco·

10 1778 12 1783 .
46 1719 76 1781 lle
92 1724 281 1801 frequentata
301 1731 350 1782 est
369 1716 449 1804 *Ἲς
473 1734 657 1802 quapropter
673 1724 814 1803 Hungari
837 1724 874 1785 ad
894 1724 976 1784 illam
999 1741 1118 1802 quoque
1130 1720 1239 1785 »Satac-

45 1823 180 1886 cadmia
200 1843 277 1885 suae
292 1824 345 1900 jus
368 1827 531 1886 extendere
553 1837 584 1886 et
604 1828 699 1900 armip
722 1827 903 1887 confirmare
925 1820 1026 1886 conati
1047 1831 1128 1885 subt.

617 1980 649 2046 3.

126 2124 187 2188 His
202 2128 237 2187 de
250 2130 367 2189 veteris
379 2120 504 2190 'l'raialti
517 2120 631 2192 uacat
645 2132 765 2200 incolis,
787 2138 857 2207 post
871 2139 1046 2205 occupatam
1061 2148 1079 2188 a
1094 2128 1234 2189 barbarie

37 2232 225 2306 provluclam,
246 2235 370 2304 notatis,
392 2237 584 2294 transeamus
606 2237 636 2294 in
657 2252 767 2294 novam
788 2235 946 2293 Aureliani
967 2235 1104 2296 Daciam.
1128 2234 1234 2311 Neque

10 2328 12 2375 5
35 2331 113 2407 baec,
133 2337 266 2396 funestis
288 2337 351 2397 illis
373 2333 571 2414 temporibus,
592 2337 693 2394 minus
716 2352 734 2392 a
754 2333 894 2392 barbaris
915 2334 1059 2393 intestata
1080 2334 1148 2400 luit,
1161 2334 1234 2394 licet

10 2388 13 2473 l
33 2443 142 2500 manui
156 2443 363 2517 Imperatores
378 2459 444 2500 cam
460 2441 599 2500 omnibus
620 2438 809 2498 defenderint
829 2436 957 2504 viribus,
978 2435 1095 2513 hacque
1114 2437 1233 2495 ratione

10 2514 13 2624 l
32 2544 205 2622 completam
225 2545 436 2621 prohibuerint
464 2545 710 2621 occupationem,
733 2542 829 2601 donec
857 2541 980 2600 saeculo
1010 2541 1137 2616 septimo
1159 2541 1233 2600 Bul·

30 2648 91 2724 gari
104 2649 275 2725 imperante
291 2649 488 2708 Constantino
504 2650 662 2727 Pogonato
670 2646 842 2708 Danubium
864 2645 1075 2713 transiverint,
1098 2663 1231 2704 omnem·

29 2764 80 2823 qne
97 2748 187 2808 illum
208 2760 312 2810 terrae
332 2759 463 2811 tractum
485 2770 581 2830 usque
604 2751 641 2810 ad
654 2750 803 2810 Haemum
825 2757 958 2808 montem
980 2758 1011 2807 et
1032 2749 1162 2808 ulterius
1173 2768 1228 2826 per

28 2850 185 2913 l'bruciam
203 2863 234 2913 et
241 2853 449 2914 Macedoniam
471 2858 696 2934 occupaverint,
717 2854 932 2930 Romanosque
946 2868 1056 2911 novam
1070 2852 1226 2912 Aureliani

10 2952 147 3026 ''liuciam
168 2959 337 3018 incolentes
359 2958 418 3017 eibi
439 2959 636 3023 adsciverint·

10 3206 14 3289 l
72 3239 100 3307 ‘)
116 3243 257 3310 Tragicos
275 3244 359 3296 buius
376 3243 482 3310 egregii
499 3242 552 3295 viri
569 3239 634 3292 linis
651 3237 790 3296 invenitur
806 3236 898 3302 ample
917 3235 1077 3301 descriptus
1101 3235 1129 3287 iu
1144 3236 1222 3293 Actis

116 3334 215 3384 Sancte·
233 3334 367 3385 Gerbordt
382 3333 511 3390 Episcopi
529 3329 734 3383 Cboncdiensit.

57 3413 95 3479 “)
112 3417 190 3469 idem
207 3424 361 3481 economus
378 3422 466 3470 Belca
483 3417 720 3479 septemsortes,
738 3415 832 3474 comte
852 3418 889 3464 11
909 3422 936 3464 et
952 3413 998 3465 22.

45 3494 93 3568 m)
111 3507 235 3557 Tbaoroen
256 3509 285 3559 in
298 3521 348 3557 auu
367 3504 510 3568 Gdrona'cu,
527 3509 608 3557 Parte
625 3506 674 3558 111.
693 3502 818 3562 caasa.

181 3591 220 3643 Hi
236 3591 384 3644 senissimi
401 3597 484 3652 sunt,
502 3597 531 3642 et
544 3589 690 3640 innumera
702 3588 820 3639 bellicae
832 3586 947 3640 virtutis
962 3589 1064 3641 eximia
1078 3590 1216 3644 dederunt

10 3739 17 3749 ,
113 3680 251 3746 exempla,
268 3680 342 3732 iuter
359 3693 431 3747 quae
447 3676 668 3731 illustrissimum
686 3677 738 3727 suit
755 3667 907 3729 ebulliit.
925 3691 981 3743 quo
994 3677 1218 3732 sollzddoo'l'ar·

112 3773 240 3820 tororum
257 3768 437 3835 deleverunt,
455 3771 639 3834 Regnumquc
655 3763 818 3830 ilungariae
836 3763 870 3815 ab
888 3764 1001 3816 iliorum
1019 3766 1166 3830 invasione
1185 3768 1217 3818 li-

113 3854 255 3909 beraruut.
271 3855 344 3909 Vide
365 3857 694 3919 Uagenecnesntaaaetn,
712 3855 899 3915 drittcrltund,
916 3855 1215 3916 dicoecesanam

10 3984 20 4001 .,
113 3942 226 3996 (irande
242 3949 398 4018 peccatum,
416 3944 490 4012 quod
508 3941 622 3995 militiae
640 3934 821 4007 nordpnytact
833 3954 889 3994 ueu
902 3941 960 3993 siut
974 3942 1119 4009 adscripti,
1133 3957 1215 4009 agre·

112 4031 182 4098 uam
200 4031 274 4085 culm
291 4032 446 4085 formarent
463 4032 601 4099 legionem
617 4067 627 4098 ,
658 4028 956 4104 propugnaculumque
974 4033 1075 4084 contra
1091 4038 1213 4099 septem·

26 4170 30 4193 Ι
113 4119 246 4175 triouales
262 4119 412 4178 barbaros.
1161 4139 1163 4145 ·

854 4176 1019 4276 'aa
