2746 4604
87 165 115 223 x

23 373 28 386 Ι
90 304 224 365 formare
246 305 430 378 coeperunt3
451 297 494 358 ita
515 305 603 358 enata
623 305 671 357 est
691 296 722 355 ln
743 293 891 373 Hispania
912 294 1051 372 propria,
1075 294 1217 374 regionis
1233 314 1289 356 no·

90 409 171 469 mine
192 406 340 485 insignita
360 404 483 482 lingua3
512 404 554 463 ita
573 403 687 462 iactum
708 410 756 460 est
776 403 807 459 in
830 400 949 474 Gallia,
981 402 1023 460 ita
1042 408 1113 476 post
1133 400 1289 459 interitum

29 501 32 504 Δ
77 513 239 574 classicae
260 511 437 569 literaturae
458 509 489 565 in
510 508 578 584 ipsa
599 507 686 566 Italia
697 525 707 577 3
735 507 778 565 ita
798 506 829 564 in
851 506 1009 583 peninsula
1029 508 1168 583 Europae
1190 506 1290 565 orien-

90 618 155 687 tali,
177 626 207 676 et
228 616 270 675 ita
290 614 401 672 factum
421 611 518 671 fuisse
540 610 645 680 debnit¹
661 613 692 669 in
708 611 835 687 reliquis
849 612 986 669 Romano
1002 611 1147 669 subiectis
1160 609 1294 685 imperio

92 720 270 800 provinciis,
279 720 309 776 in
322 718 429 794 quibus
446 724 544 774 tamen
562 714 773 794 ingruentibus
794 713 932 773 barbaris
952 717 1119 775 exstinctae
1135 723 1215 782 sunt,
1238 732 1289 772 su·

91 822 337 903 permanentibus
357 821 406 880 his
430 829 556 896 quatuor
577 818 792 902 principalibus
805 837 939 878 unacum
961 838 1064 878 earum
1086 818 1295 878 subdialeetis.

192 926 291 1002 Quum
318 926 427 1000 itaque
449 940 573 1001 omnes,
611 930 644 980 ut
666 912 807 998 luperius
833 920 946 981 dictum
968 932 1032 991 est,
1061 941 1100 981 ex
1122 934 1179 981 uno
1202 922 1292 999 quasi

93 1033 224 1090 fluerent
244 1030 344 1106 ionte,
374 1045 392 1085 a
412 1025 510 1102 priori
531 1026 621 1084 edam
645 1024 823 1092 concludere
851 1043 1013 1101 possumus
1036 1025 1157 1085 easdem
1179 1026 1209 1083 in
1231 1024 1294 1084 ele·

92 1135 204 1208 ruentis
227 1150 344 1210 quoque
359 1130 533 1198 convenire,
553 1147 643 1188 unam
658 1129 841 1206 eandemque
855 1129 953 1188 basim
968 1130 1144 1188 necessario
1158 1128 1292 1197 habera3

93 1247 143 1296 ast
164 1254 254 1314 quum
274 1237 305 1294 in
327 1235 457 1294 diversis
480 1233 666 1292 abinvicem
688 1234 808 1310 penitus
830 1233 962 1292 seclusis
983 1234 1059 1293 locis
1082 1234 1237 1302 evolutae,
1260 1243 1296 1292 et

92 1341 189 1400 variis
217 1339 365 1399 adiunctis
394 1338 541 1396 maiorem
561 1337 612 1395 vel
632 1337 780 1395 minorem
800 1337 832 1395 in
854 1355 888 1395 se
909 1338 1056 1396 influxum
1078 1336 1294 1396 exercentibus

93 1444 232 1504 excultae
251 1443 376 1513 fuerint,
398 1439 496 1523 quoad
518 1439 692 1510 accidentia,
714 1440 833 1499 omnino
855 1438 978 1499 differre
999 1440 1119 1506 dehere.
1155 1441 1296 1516 Quanam

93 1550 228 1617 ratione,
251 1549 347 1624 primo
365 1546 429 1621 jam
450 1544 621 1613 millennio,
642 1543 718 1602 haec
731 1544 869 1602 evolutio
891 1544 991 1605 locum
1011 1543 1170 1614 hahuerit,
1188 1546 1289 1604 conie-

90 1653 187 1713 cturis
210 1651 328 1729 quidem
349 1650 509 1726 illustrari,
531 1658 580 1708 ast
600 1648 693 1707 nullis
714 1647 870 1707 historicis
892 1650 1080 1726 argumentis
1101 1648 1224 1725 probari
1235 1669 1293 1726 po·

89 1764 161 1826 test,
182 1764 247 1814 tntu
267 1764 391 1831 propter
411 1754 553 1812 iniuriam
564 1761 743 1829 temporum,
757 1760 820 1810 tum
830 1750 955 1829 propter
975 1753 1180 1812 dominantem.
1197 1772 1292 1813 usum.

88 1859 191 1920 omnia
219 1868 287 1917 acta
314 1867 376 1917 tam
404 1856 543 1934 publiea,
573 1874 661 1933 quam
682 1857 799 1933 privata
819 1856 917 1917 doctis
939 1857 1128 1933 compillandi
1154 1857 1288 1935 linguis,

88 1981 202 2044 graeca
223 1962 342 2022 seilicet
361 1962 411 2020 vel
432 1961 535 2030 latina,
557 1959 630 2021 licet
650 1969 699 2020 sat
718 1961 882 2037 corruptis,
903 1970 935 2020 et
954 1960 1097 2037 populare
1113 1979 1200 2019 suum
1217 1980 1289 2039 qua·

87 2045 166 2129 dam.
180 2067 343 2143 spernendi
363 2067 481 2126 ratione
502 2065 621 2125 idioma.
649 2065 729 2124 Hine
758 2065 867 2125 horum
895 2073 1065 2142 temporum
1093 2073 1291 2125 monumenta

87 2181 249 2249 corruptae
271 2171 392 2249 quidem
411 2172 519 2230 matrIs
535 2171 657 2240 latinae,
665 2171 719 2229 sed
733 2188 792 2228 non
808 2170 996 2230 evolutarum
1002 2170 1133 2229 filiarum
1143 2169 1291 2246 praebent

86 2278 285 2345 documenta,
307 2284 338 2334 et
358 2277 476 2356 omnia,
497 2294 573 2354 qnae
594 2275 654 2336 huc
676 2284 812 2352 spectant
833 2293 901 2336 cunr
923 2275 1054 2334 secundo
1076 2282 1192 2334 tantum
1213 2267 1292 2333 inei·

86 2383 173 2461 pinnt
194 2379 368 2448 millennio,
390 2379 472 2438 etin
493 2379 552 2440 hoc
573 2381 666 2439 etiam
687 2379 765 2457 haud
785 2379 893 2455 primis
915 2379 1066 2457 saeculis,
1089 2379 1143 2437 sed
1162 2379 1291 2455 potissi·

87 2502 170 2546 mum
192 2467 283 2544 tertio
305 2492 336 2542 ot
357 2492 484 2559 quarto;
516 2483 552 2542 ab
573 2483 623 2542 his
644 2493 764 2556 autem,
781 2482 846 2557 jam
866 2484 1037 2542 manifestis
1057 2483 1207 2559 prodeunt
1226 2483 1291 2543 cul·

86 2597 175 2649 turae
195 2588 333 2657 indiciis,
355 2587 449 2647 fixum
472 2587 618 2664 quoddam
638 2587 862 2646 fundamentum
883 2587 1083 2664 prolitentes,
1104 2587 1134 2645 in
1157 2605 1215 2664 quo
1237 2604 1292 2645 us·

87 2709 146 2771 que
167 2692 198 2751 in
219 2690 397 2751 hodiernum
417 2692 495 2751 diem
516 2693 613 2751 ferme
642 2692 754 2751 nullam
781 2709 892 2768 passae
911 2692 1053 2751 videntur
1073 2692 1286 2770 mutationem3

85 2797 140 2866 ita,
162 2804 195 2854 ut
216 2796 244 2854 si
264 2812 444 2874 regressum
465 2795 733 2886 proportionaliter
754 2797 931 2855 continuare
952 2796 1110 2865 vellemus,
1132 2813 1200 2855 cum
1217 2812 1288 2871 qua·

84 2900 155 2960 dam
176 2899 384 2976 probabilitate
406 2901 514 2960 saltem
534 2902 689 2960 affirmare
718 2901 918 2971 auderemus,
947 2910 1083 2976 tempore
1112 2917 1174 2976 qno
1191 2898 1286 2958 Gothi

73 2992 246 3064 ‘romanum
280 3004 459 3064 invaserunt
491 3006 669 3082 imperium,
698 3005 755 3064 has
785 3006 905 3084 linguas
935 3005 1001 3063 iere
1024 3003 1145 3062 easdem
1166 3004 1287 3071 fuisse,

85 3107 215 3184 demptis
230 3106 427 3187 barbarismis
442 3108 557 3168 tardius
573 3110 763 3182 introductis,
784 3127 863 3168 nunc
879 3109 968 3168 etiam
979 3108 1069 3167 facile
1081 3107 1294 3168 decernendis..

125 3205 127 3209 ’
187 3210 272 3285 Quod
303 3209 489 3289 Hispaniae,
522 3213 641 3273 Galliae
672 3222 702 3272 et
722 3214 827 3273 ltaliae
848 3213 956 3272 attinet
976 3213 1116 3289 linguas,
1145 3209 1198 3268 alii
1220 3218 1287 3280 sat,

86 3314 262 3390 abundeque
283 3314 380 3374 doctis
401 3317 590 3394 disputarunt
609 3319 732 3387 verbis;
745 3328 926 3396 quapropter
947 3336 1003 3377 nos
1025 3315 1061 3375 ad
1085 3333 1138 3373 eas
1160 3332 1286 3374 conver·

86 3426 186 3479 temus
208 3418 330 3489 oculos,
352 3439 427 3497 qnae
448 3423 612 3482 inBomani
632 3414 753 3499 imperii
790 3423 954 3500 provinciis
976 3424 1054 3481 ultra
1074 3438 1158 3479 mare
1180 3420 1287 3479 Adria·

84 3523 180 3581 ticum
202 3523 271 3581 sitis
292 3523 464 3584 extulerunt
484 3534 584 3602 caput,
605 3526 663 3584 Ast
685 3543 775 3602 quum
796 3525 856 3594 his,
879 3525 1012 3602 exceptis
1034 3524 1064 3581 in
1078 3533 1208 3600 utraque
1222 3524 1285 3581 Da·

85 3626 136 3686 aia
157 3626 386 3703 superstitibus,
408 3627 511 3686 eadem
534 3631 707 3709 contigerit,
729 3647 804 3706 quae
814 3630 971 3688 Britannis
994 3627 1185 3687 etdirieanis
1202 3645 1285 3697 sors,

84 3732 121 3787 ut
141 3746 229 3786 suum
251 3729 369 3788 scilieet
383 3731 506 3791 fatalem
523 3733 683 3792 habuerint
703 3733 807 3793 finem:
837 3733 912 3791 nihil
940 3731 1027 3790 nobis
1048 3741 1162 3800 restat,
1184 3749 1285 3808 quam,

86 3839 121 3895 nt
140 3831 184 3891 de'
197 3833 254 3892 hac
274 3833 378 3891 ultima
392 3853 487 3911 pauca
508 3853 790 3900 commemoremus,
813 3835 1012 3894 Indicabimus
1034 3836 1134 3911 itaque
1149 3833 1284 3892 breviter

41 3959 44 3964 ·
85 3934 154 3994 eius
175 3936 276 3997 inhis
297 3938 391 3996 terris
412 3939 676 4016 propagationem,
703 3947 767 3997 tum
790 3938 898 4014 vpaucis
929 3937 1085 4006 adiuncta,
1111 3938 1142 3995 in
1172 3935 1282 4014 quibus

85 4024 186 4098 semet
205 4041 347 4100 evolvere
368 4040 485 4112 debuit,
515 4042 671 4102 historicis
692 4043 770 4101 datis
792 4041 1032 4114 illustrabimus,
1060 4042 1145 4101 utin
1166 4041 1226 4102 fine
1246 4057 1283 4101 eo

82 4142 220 4214 bouus
242 4162 319 4222 quae
339 4144 377 4204 de
398 4162 435 4207 ea
455 4146 600 4216 dicemus,
617 4145 751 4226 ⁴intelligi
769 4145 964 4225 perspieique
984 4145 1113 4224 possint.
