2746 4604
84 222 147 289 Μ
453 220 633 300 „protaxio
654 218 892 285 Sententiarum,

83 371 264 454 Hecurquu
285 374 351 429 esci
367 386 445 437 ,casu
465 369 505 431 de
524 372 661 447 mico,
680 373 748 429 Etsi
770 371 860 430 homo
884 370 929 427 sis
950 384 1100 447 nequam,
1137 377 1276 427 umente

126 477 223 535 umet
241 491 289 534 uu
309 478 340 533 te
351 492 496 543 crecere,
515 478 659 554 preduce
720 492 781 533 non
802 474 971 542 abominor,
992 482 1023 531 te
1039 472 1120 541 dico,
1142 481 1193 531 est
1213 472 1274 530 abo·

127 579 212 646 dicre,
233 595 307 637 vero
329 578 352 636 u·
373 596 508 637 orreseu
516 575 663 656 saete’de.
730 579 829 637 minor
851 577 985 635 actiones
1002 586 1081 637 tuas.

84 681 182 744 Metti
199 699 253 760 au,
274 680 430 760 qualine
451 683 596 742 conteritis
610 682 661 744 dt·
679 683 776 754 Multi,
792 689 873 751 sunt,
895 681 946 758 qui
967 697 1026 738 non
1041 679 1153 738 audent
1169 679 1273 746 dicere,

126 805 200 862 uere
214 805 274 865 que
294 791 400 854 senatu,
421 785 461 844 do
481 790 506 844 e'
521 790 553 844 ct
570 785 659 864 beree,
721 784 800 864 quod
820 785 965 858 sentiunt,
986 783 1047 842 etsi
1068 783 1219 858 optimum
1231 783 1274 850 sit,

122 882 282 967 ficedula
298 891 389 967 frica
406 889 446 948 de
465 890 604 950 invedia.
731 886 860 946 invidiae
882 895 974 950 metu.
1035 963 1039 968 ‚

41 994 50 1012 ⁸
84 991 135 1053 Do
152 1011 204 1053 me
225 997 258 1052 et
274 992 366 1053 laudi
386 1012 427 1052 eu
438 993 591 1073 yudu'lu,
606 999 656 1050 to-
677 991 822 1066 Quamvis
834 1010 889 1050 ore
905 1008 953 1049 me
968 991 1086 1061 laudes,
1108 1000 1210 1050 tamen
1224 988 1271 1048 tibi

125 1098 438 1176 teriuuteerediu,
454 1096 664 1175 sciendoque
726 1113 785 1154 non
807 1093 916 1163 credo,
944 1095 1048 1154 sciens
1077 1097 1158 1173 quod
1188 1096 1276 1154 auimo

128 1202 212 1260 senti
231 1202 267 1260 in
286 1203 406 1262 animm
501 1225 505 1233 ·
731 1200 838 1257 sentis.

122 1346 222 1421 XIV.
236 1349 411 1409 Sententiae
421 1350 566 1411 relativae
578 1351 718 1410 dicuntur
733 1350 821 1419 illae,
836 1367 912 1427 quae
934 1368 991 1427 ope
1006 1350 1230 1409 Particularum
1241 1367 1278 1407 re·

87 1454 263 1531 latinarum:
287 1456 423 1534 quiqui,
446 1452 556 1534 quelle
572 1456 627 1534 qui
648 1455 700 1513 ille
715 1454 784 1532 qni,
806 1453 902 1534 quale
924 1453 1040 1533 qualis,
1062 1457 1189 1534 quantu
1202 1471 1279 1530 quon·

88 1566 156 1626 tus,
177 1558 262 1616 crode
283 1559 352 1627 uhi,
373 1559 416 1629 del
428 1557 514 1616 uredo
536 1557 621 1630 unde,
644 1559 831 1637 copulantur,
848 1556 884 1617 ad
897 1566 1030 1616 mutuam
1049 1555 1228 1616 relationem
1240 1554 1280 1615 vel

88 1663 305 1740 dependentium
327 1662 676 1739 interscindicarrda1113
699 1682 727 1727 e.
748 1681 782 1741 g.

90 1782 195 1858 Ouiae
215 1805 232 1845 e
253 1785 363 1866 quelle
376 1789 431 1867 qui
446 1793 519 1866 pote
538 1788 661 1856 dicere,
683 1787 758 1863 Quis
777 1797 835 1857 est,
851 1789 901 1866 qui
914 1787 1016 1847 dicere
1032 1794 1148 1865 potest,
1163 1802 1277 1863 egonus

130 1907 192 1965 equ
208 1907 255 1948 reu
274 1907 316 1946 eu
333 1890 532 1967 peccatore?
731 1912 798 1950 sum
816 1902 966 1968 peccator.

80 1987 209 2065 ⁸Otuellu
236 1995 291 2072 qui
320 2011 367 2052 uu
394 1993 428 2052 la
453 1998 527 2073 pote
547 1992 665 2052 discere
685 1996 744 2072 Qui
762 2006 861 2055 mente
874 2014 1017 2073 ¹eousque
1038 1996 1203 2073 pervenire
1226 2010 1277 2051 non

131 2113 173 2152 cn
200 2093 352 2156 mente'la
374 2091 394 2155 ἁ
416 2093 600 2174 ulalate-d,
627 2117 665 2157 eo
728 2109 838 2178 potest,
861 2107 893 2183 ut
914 2100 1037 2177 cogitet,
1061 2099 1237 2177 quodvult,
1256 2104 1283 2154 ct

128 2204 231 2275 eoqite
245 2218 305 2280 que
319 2201 388 2260 vole
403 2206 436 2259 et
455 2221 492 2261 eo
508 2200 592 2261 colia
607 2220 669 2282 que
731 2213 764 2261 ut
784 2203 858 2261 volit
879 2203 958 2280 quod
979 2205 1111 2282 cogitat,
1135 2205 1218 2263 illum
1238 2218 1283 2277 pn·

132 2307 248 2380 uoqita,
269 2323 306 2362 se
327 2304 404 2364 debe
424 2307 601 2369 rescissore.
733 2307 805 2365 dere
826 2307 925 2372 debet.
1108 2386 1111 2391 Ι

92 2403 225 2479 Ouanota
240 2404 293 2466 adi
302 2410 421 2485 secuto
435 2427 482 2467 nu
498 2407 669 2470 edesotul·
690 2410 840 2488 Quantum
860 2411 979 2479 fecisti,
1002 2429 1062 2470 non
1081 2418 1130 2469 est
1147 2411 1240 2475 satis.
1261 2409 1284 2465 si

132 2511 178 2580 lu,
200 2512 240 2570 do
259 2512 326 2589 poti
341 2513 457 2587 fucere
472 2513 545 2571 ‘usai
557 2511 668 2570 multu.
732 2515 801 2592 plus
818 2516 921 2573 facere
936 2524 1032 2591 potes.

94 2612 228 2674 Vertuti'
245 2614 279 2673 'le
306 2617 415 2677 anima
428 2610 480 2673 ’lei
504 2634 543 2674 se
563 2634 669 2676 nescu
688 2621 789 2678 Animi
808 2620 938 2677 virtutes
960 2639 999 2677 ex
1020 2620 1140 2677 ratione
1164 2619 1284 2695 gignun-

112 2716 202 2777 'd'tn
214 2720 356 2787 ratione,
380 2718 419 2777 de
433 2723 556 2798 quantu
574 2718 670 2798 quale
733 2732 793 2801 tur,
816 2741 874 2799 qua
896 2723 970 2780 nihil
993 2731 1041 2781 est
1062 2724 1093 2780 in
1113 2720 1236 2780 homine
1248 2718 1285 2775 di·

129 2825 254 2882 aoernica
273 2839 321 2882 nu
341 2841 359 2880 e
379 2825 414 2881 in
436 2839 511 2881 otuu
531 2825 596 2882 rarat
616 2825 667 2890 di-
720 2826 840 2898 ninius.

134 2930 243 3005 otoo..
458 2919 460 2923 ’

94 3030 295 3093 Fontaua’le
321 3031 360 3090 de
380 3031 466 3090 unde
492 3030 611 3090 adduci
631 3049 670 3091 u·
690 3036 782 3102 Fons,
804 3032 872 3091 inde
885 3050 992 3110 aquam
1009 3033 1094 3099 fers,
1117 3049 1180 3090 nou
1194 3027 1284 3091 turha·

135 3153 199 3214 qua
219 3154 265 3193 seu
283 3154 320 3194 se
341 3134 488 3211 tarento,
509 3134 549 3194 do
567 3153 613 3195 asu
635 3135 669 3195 da
732 3145 798 3203 tur,
821 3136 879 3193 nisi
896 3145 927 3194 tu
943 3154 1013 3194 eum
1030 3135 1152 3203 turbes,

133 3237 254 3299 turduli
268 3242 313 3301 tu.

132 3357 211 3427 XV.
234 3363 626 3427 Sententiaecorrelativae
641 3374 788 3424 vocantur
804 3364 884 3432 illae,
907 3382 983 3441 quae
996 3381 1054 3440 ope
1067 3363 1279 3422 Particularum

92 3454 398 3526 immonstradvarum
417 3475 447 3526 et
471 3467 667 3530 relativarum
699 3467 757 3525 sihi
777 3467 1021 3544 respondentium
1048 3468 1241 3543 copulantur,
1256 3469 1280 3517 et

91 3581 222 3631 mutuam
245 3570 412 3648 producunt
433 3571 693 3645 reciprocitetem,
715 3573 757 3630 ita
772 3581 806 3631 ut
830 3588 887 3629 una
907 3572 1020 3648 absque
1044 3571 1146 3631 altera
1164 3565 1278 3648 cogitari

91 3685 236 3755 nequeat;
259 3695 285 3735 e.
302 3693 334 3752 g.
829 3688 832 3693 ’

91 3805 210 3881 Quanti
229 3805 342 3872 omini,
357 3807 465 3862 utulate
481 3804 647 3866 sententie.
690 3803 769 3877 Quot
786 3804 943 3870 homines,
963 3811 1009 3860 tot
1028 3802 1210 3860 sententiae.

91 3905 666 3986 (decempedam,utuleremunerure.
689 3907 801 3981 Quales
825 3924 936 3975 mores,
960 3905 1030 3963 talis
1054 3902 1263 3963 remuneratio.

92 4008 142 4070 Uu
157 4016 280 4091 quaestu
295 4013 360 4070 mai
374 4010 478 4069 nsultu
494 4013 612 4088 tavelli,
628 4027 669 4068 cu
684 4009 755 4086 'Quo
772 4011 839 4086 plus
856 4010 961 4082 discis,
984 4029 1019 4069 co
1035 4008 1149 4069 melius
1167 4006 1280 4066 videon

131 4117 327 4175 madesmei
349 4115 427 4176 berse
449 4115 518 4175 cedi
540 4134 602 4195 quo
624 4133 670 4175 rosc
733 4113 808 4174 nihil
821 4114 912 4178 seire.

133 4221 193 4278 soii
215 4221 346 4281 sternier.
