2746 4604
116 131 180 184 HV

117 269 254 330 eiusdem
272 265 469 339 charactere,
490 266 627 347 ingentia
648 267 758 332 addunt
775 269 942 352 axiomata3
965 284 1055 346 quam
1069 265 1315 327 consuetudinem

41 370 44 377 ’
119 372 306 449 despotismo
320 372 520 432 introductam
536 390 606 430 esse
624 372 693 449 quis
709 389 769 430 nou
785 371 891 430 videet
907 371 992 432 Haec
1007 373 1183 431 ailomauis
1197 371 1316 448 penitus

117 477 297 556 ignoratur,
319 477 365 534 illi
382 477 461 535 enim
477 495 595 536 omnem
610 477 824 537 allocutionem
835 475 968 536 secunda
983 464 1155 554 exprimunt
1169 471 1317 553 persone,

119 579 222 640 hahita
243 581 360 639 ratione
384 581 521 651 numeri,
538 590 572 639 ut
587 581 654 656 ipsa
672 581 773 659 poscit
794 580 975 641 Dianoitica
1009 581 1134 657 eiusque
1152 578 1318 656 pedisequa

120 682 347 768 Grammaticaa
369 683 550 760 ignorantur
570 694 732 760 practerea
752 702 857 744 omues
877 685 1014 762 reliquae
1034 683 1077 741 in'
1089 681 1245 741 hodiernis
1260 681 1317 740 lim

119 787 192 864 guis
205 795 267 844 tam
284 785 426 862 copiosae
443 787 566 865 spuriae
581 787 761 848 humilitatis
782 788 923 866 loquendi
942 786 1109 865 formulae3
1130 778 1269 844 summus
1282 782 1318 842 ti·

118 891 202 982 ipius
222 890 253 948 in
276 899 340 967 tota
358 891 463 968 lingua
488 901 537 951 est
560 891 703 952 Dominae
722 894 892 972 Dominus,
923 892 973 970 qui
990 892 1049 952 soli
1062 887 1197 966 Principi
1216 888 1318 964 datur-3

119 991 270 1071 huiusque
285 991 470 1052 abstractum
486 992 637 1056 Dominio
650 1000 703 1055 tea
715 997 889 1056 Dominatio
908 1006 971 1074 tna,
993 996 1177 1074 quodetiam
1193 994 1319 1054 seniori·

119 1094 177 1154 bus
193 1097 346 1172 personis,
358 1099 497 1174 quamuis
515 1097 593 1157 haud
607 1101 792 1177 promiscue,
809 1100 901 1161 trssroi
915 1101 1004 1170 solet,
1015 1100 1087 1160 licet
1101 1112 1220 1160 omnem
1235 1114 1319 1157 susm

115 1199 285 1276 -perdiderit
309 1201 492 1278 gravitatem
511 1201 611 1285 addito
629 1201 694 1276 jam
716 1204 866 1264 secundae
884 1222 1035 1281 personae
1047 1205 1232 1264 Pronomine
1254 1218 1320 1279 pos·

120 1303 243 1363 sensivo
261 1308 314 1363 tec
328 1314 390 1373 tua,
411 1312 442 1365 et
458 1304 563 1364 Verbo
580 1324 702 1383 semper
715 1309 746 1366 iu
760 1308 893 1367 secunda
906 1325 1037 1384 persona
1054 1317 1243 1369 occurrente.
1258 1307 1320 1365 Me·

120 1405 236 1464 naorari
252 1424 369 1484 quoque
383 1418 528 1480 meretur,
541 1409 619 1487 quod
634 1411 693 1487 ipsi
705 1411 893 1489 Regnantem
907 1409 1117 1491 Imperatoris
1131 1411 1220 1471 titulo
1237 1404 1320 1473 deee-

121 1526 193 1568 rare
213 1510 349 1580 soleant,
371 1513 463 1573 edam
486 1514 513 1572 si
529 1515 598 1573 ilex
615 1514 709 1572 fuerit
717 1536 728 1595 3
750 1531 820 1572 nam
845 1532 952 1575 nomeu
970 1517 1068 1595 Regis
1088 1512 1249 1590 Reposin
1271 1513 1320 1572 de·

121 1612 311 1678 suetudinem
333 1614 439 1680 abivit.
466 1619 621 1678 Romanos
635 1618 794 1694 Augustos
815 1614 1229 1696 Imperatores-nominant,-
1244 1613 1321 1676 ilum

121 1719 407 1794 stantiuopolitauos
428 1721 563 1796 pariter,
591 1738 664 1778 suos
689 1738 784 1796 aeque
799 1721 923 1798 Reges,
944 1721 989 1781 uti
1005 1741 1045 1781 ex
1061 1719 1210 1781 doannitii
1225 1721 1321 1780 tteerts

117 1831 215 1899 petet,
235 1820 452 1900 Imperatores
471 1824 681 1901 appellabant3
710 1833 759 1883 ast
779 1842 838 1883 uon
856 1825 990 1885 Polonos
1020 1842 1118 1904 neque
1133 1823 1320 1902 :limigarum

121 1943 200 2004 quos
214 1924 371 2002 Koralios
384 1926 435 1985 vel
452 1923 581 1986 Cretica
594 1927 753 2006 vocabant,
767 1929 889 1987 nomine
902 1931 1023 1989 omnino
1038 1930 1216 2006 peregrinos
1226 1929 1321 1986 murs

121 2032 221 2108 ipsum
235 2032 353 2108 Regem
368 2033 488 2108 Regum
501 2030 532 2090 iu
552 2031 619 2089 suis
637 2030 823 2089 orationibus
847 2029 1075 2111 Imperatorem
1089 2028 1323 2109 Irnperaterem

121 2137 287 2204 nominant,
309 2143 339 2195 et
351 2134 521 2204 ridiculum,
542 2134 702 2213 divinaque
716 2137 874 2194 maiestate
890 2136 1046 2214 iudignum
1062 2133 1323 2213 potentiarum

120 2239 268 2299 uocabulo
290 2238 463 2315 Kyrolium
481 2255 604 2298 vocare.
632 2240 791 2316 Principes
807 2258 899 2311 suos,
920 2240 965 2299 uti
980 2239 1125 2307 diximus,
1147 2239 1323 2314 simpliciter

122 2341 279 2403 Dominus
298 2344 414 2413 dicunt,
436 2351 467 2402 et
485 2343 583 2420 quiin
600 2343 765 2420 provinciis
784 2344 822 2403 ad
835 2342 1012 2426 Hungariac
1027 2359 1157 2421 regnum
1174 2344 1323 2418 pectinen-

124 2447 205 2506 tibns
225 2445 378 2527 habitant,
401 2447 508 2506 felices
524 2464 559 2505 se
583 2456 738 2506 autumant
759 2466 778 2507 a
800 2466 857 2524 quo
874 2456 1011 2523 tempore
1026 2446 1081 2505 sub
1097 2446 1281 2506 Germaniae
1295 2450 1325 2503 et

122 2551 269 2611 austriae
294 2552 453 2629 Augustos
473 2560 642 2622 venerunt,
665 2569 741 2627 quos
764 2561 854 2630 grato
872 2552 949 2627 ipsis
970 2551 1091 2609 nomine
1109 2547 1325 2627 Impermteres

123 2655 276 2732 appellare
290 2654 378 2722 licet,
401 2652 498 2733 (quod
511 2655 623 2712 utinam
639 2657 729 2713 etiam
755 2655 884 2733 reliquis
902 2656 1025 2724 liceret,
1048 2654 1099 2732 qui
1113 2654 1166 2712 rix
1178 2672 1199 2712 a
1212 2656 1324 2712 ll'ureo·

121 2765 192 2818 rum
204 2756 281 2832 jugo
293 2757 434 2828 liberati,
451 2757 515 2834 jam
528 2759 691 2818 Russicum
707 2760 845 2837 timent3)
867 2761 1029 2837 praecipue
1049 2757 1252 2818 immortalem
1266 2754 1328 2816 Jo-

118 2858 557 2942 emeom11.,1quammnus
572 2864 883 2942 puerorum'ignorat,
897 2866 987 2922 etiam
1004 2863 1055 2941 qui
1071 2862 1183 2922 nullius
1200 2861 1329 2920 alterius

123 2967 321 3044 Imperatoris
331 2984 441 3027 nomen
459 2969 554 3026 novit.
575 2969 737 3026 innumera
749 2977 909 3043 praeterea
925 2969 984 3026 alia
999 2976 1121 3026 exstant
1137 2984 1153 3024 e
1169 2964 1261 3044 genio
1274 2965 1334 3022 lin·

84 3076 89 3083 “
121 3089 204 3150 guae
223 3071 433 3147 promanantia
453 3071 647 3141 documenta,
676 3090 752 3149 quae
767 3070 932 3149 omniahic
956 3089 1134 3130 enumerare
1154 3071 1248 3129 nimis
1266 3069 1336 3128 lon-

121 3182 199 3253 vgm'm
215 3176 305 3243 foret,
327 3177 376 3234 cui
392 3185 555 3252 propterea
568 3177 659 3235 etiam
680 3175 914 3253 supersedemus
928 3173 1037 3242 labori,
1059 3190 1149 3249 quum
1161 3172 1337 3249 investiga-

122 3280 222 3340 tionis.
240 3266 368 3340 amatori
383 3280 504 3356 amplus
524 3281 556 3338 in
577 3281 644 3356 ipso
667 3281 828 3339 tentamine
842 3279 1043 3357 grammatico
1067 3285 1169 3352 pateat
1192 3293 1339 3352 campus.

125 3383 212 3444 Haeo
225 3384 326 3442 omnia
342 3390 391 3440 sat
405 3381 486 3440 clare
502 3381 716 3458 evidenterque
733 3382 951 3451 demonstrant,
972 3401 1032 3441 non
1046 3380 1102 3439 sub
1115 3378 1257 3438 barbaris
1272 3381 1343 3436 ile-

126 3487 236 3566 gibus,
259 3485 313 3544 sed
330 3486 385 3543 sub
404 3487 537 3561 propriis
551 3485 786 3560 imperatoribus
801 3503 890 3545 suum
907 3483 1073 3543 stabilitum
1085 3483 1183 3541 luisse
1200 3467 1345 3544 idioma,

122 3594 254 3668 eiusque
272 3590 491 3657 evolutionem,
513 3606 572 3648 non
596 3589 652 3648 sub
668 3588 867 3651 barbarorum
886 3589 982 3668 jugo3
1012 3586 1066 3646 sed
1085 3587 1213 3646 durante
1230 3588 1348 3663 reipu⁶

126 3695 224 3755 bliooe
239 3694 378 3752 libertate
395 3694 503 3752 saltem
519 3711 630 3770 magna
644 3710 683 3751 ex
697 3703 783 3770 parte
797 3695 907 3752 iactam
922 3694 1033 3754 luisse.

133 3824 145 3831 “·
165 3770 175 3787 ⁸
226 3797 382 3856 Historiae
396 3814 470 3855 vero
484 3796 643 3872 probatum
660 3804 718 3866 est,
738 3796 895 3855 Romanos
914 3797 944 3854 ln
963 3805 1091 3871 utraque
1103 3793 1200 3854 Dacia
1218 3793 1354 3871 negen-

79 3885 92 3905 ”
122 3900 187 3971 tes,
207 3891 336 3978 uulgare
354 3912 441 3959 suum
457 3890 585 3968 idioma,
602 3898 666 3973 jam
681 3901 802 3960 saeculo
816 3909 921 3980 quarto
937 3900 1054 3959 locutos
1070 3898 1179 3960 inisse.
1200 3897 1355 3956 Mentio-

129 4024 199 4064 ncm
219 4007 299 4064 enim
315 4005 406 4066 huius
427 4007 472 4064 rei
492 4007 566 4066 facit
577 4005 704 4065 Priscus
717 4005 963 4074 Grammaticus,
985 4004 1015 4061 in
1033 4020 1089 4061 sua
1104 3997 1274 4081 Legatione
1293 3989 1354 4060 ad

124 4110 249 4171 Attilam
266 4111 399 4188 Regem,
428 4118 497 4169 tunc
522 4111 604 4170 circa
624 4108 825 4185 Parthyseum
850 4110 997 4168 stationes
1020 4105 1176 4167 habentem
1183 4147 1195 4181 ,
1209 4097 1210 4100 '
1225 4105 1353 4167 distin·
