2746 4604
312 238 318 264 ἱ
371 158 418 221 ilc
438 160 507 221 loco
529 159 828 256 ιι-ριιιιιιιιιίιῑίοιιι
849 165 1009 249 appellum.
1034 205 1039 211 -
1263 165 1289 249 8

74 317 138 360 non
160 299 279 362 iaciunt
299 297 572 385 diphthongum,
558 301 613 387 sed
628 301 702 363 duas
716 302 855 364 diversas
869 304 1008 376 vocales,
1031 312 1062 365 et
1072 301 1147 384 iere
1167 309 1288 389 tautum

75 403 107 462 in
122 397 268 482 graecis,
289 414 340 465 aut
356 403 425 464 aliis
439 405 613 484 peregrinis
630 380 811 466 dictionibus
827 417 1001 469 occurrunt.

178 508 315 566 Vocales
339 508 512 585 simplices,
535 517 586 567 aut
613 509 704 567 ctiam
726 508 933 590 Diphthongi,
954 512 1110 571 solitariae
1134 519 1188 570 aut
1208 471 1285 570 ibon·

76 609 256 671 sonantibus
281 614 477 681 coniunctae,
502 631 579 692 quae
603 634 662 675 uua
689 616 776 675 vocis
801 615 967 675 emissione
987 614 1183 694 pronunciari
1215 631 1284 690 pos·

79 722 165 783 sunt,
196 707 345 791 syllabae
362 717 494 801 audium.

178 821 334 903 Respecto
349 822 544 903 quantitatis,
567 831 618 882 aut
633 830 704 883 suot
726 813 860 898 lorsque,
882 830 935 880 aut
949 813 1075 892 breves,
1100 818 1130 880 id
1146 820 1212 890 esi,
1233 821 1285 881 aut

80 932 162 983 certa
178 923 306 1007 quadam
323 926 409 1007 vocis
426 926 594 986 elevatione
613 927 866 1005 pronunciantur,
893 935 944 984 aut
957 925 1058 995 nulla,
1087 932 1118 983 et
1133 925 1281 984 vocantur·

82 1027 168 1085 etiam
185 1031 322 1087 accentu
337 1030 532 1104 instructae,
554 1045 610 1086 sen
625 1029 765 1105 torsione,
785 1037 836 1086 aut
850 1031 986 1087 accentu
1020 1026 1210 1110 destitutae,
1227 1042 1285 1087 seu

84 1135 210 1209 ιιιιιιιις
231 1132 332 1191 illas
322 1150 353 1191 ιιι
371 1132 502 1191 decursu
526 1131 629 1208 operis
650 1133 773 1210 praevie
796 1132 935 1210 sequenti
953 1130 1108 1207 accentu(
1115 1124 1140 1207 )
1161 1129 1285 1190 denota·

87 1231 186 1294 bimus.
205 1236 366 1297 Caeterum
388 1237 513 1315 quaevis
533 1236 650 1296 vocalis
676 1234 780 1316 plures
803 1254 949 1295 sonorum
972 1234 1088 1314 gradus
1110 1232 1220 1304 habet,
1249 1237 1281 1294 et

87 1338 215 1397 diversas
239 1339 269 1396 in
292 1339 516 1423 pronunciando
535 1332 774 1399 modifimtiones
795 1339 934 1402 admittit.
990 1410 992 1415 ,

174 1445 209 1502 ln
233 1443 383 1515 dictione,
411 1443 491 1522 quod
514 1444 614 1503 locum
631 1443 762 1512 adtinet,
790 1442 907 1503 vocalis
927 1453 1011 1504 stare
1029 1449 1132 1520 potest
1151 1439 1183 1499 in
1201 1439 1283 1518 prin·

89 1547 175 1622 cipio,
207 1555 238 1606 et
260 1566 367 1607 omnes
389 1557 590 1608 consonantes
610 1557 681 1624 post
703 1565 738 1606 se
763 1549 896 1624 patitur,
926 1546 1033 1607 autin
1054 1543 1170 1613 medio,
1199 1543 1282 1602 inter

90 1667 269 1730 quascunque
292 1659 515 1720 consonantes,
548 1657 600 1710 aut
615 1651 743 1729 denique
758 1652 788 1709 in
805 1650 883 1719 fine,
906 1659 977 1728 post
995 1664 1189 1727 quascunque
1210 1647 1280 1708 sine

89 1752 259 1814 discrimine.
280 1752 340 1814 Hic
357 1753 393 1813 de
407 1748 568 1814 Vocalium
588 1754 654 1815 loco
676 1763 706 1812 et
722 1753 970 1830 pronunciatione
987 1751 1079 1811 simul
1100 1768 1238 1830 agemus.

247 1952 299 2031 ΙΙ.
325 1948 385 2029 De
409 1946 490 2030 looo
517 1968 554 2029 et
578 1949 879 2059 pronunciatione
903 1947 1108 2028 Vooalium.

174 2139 305 2213 Praevia
326 2136 547 2198 observandum
564 2136 643 2215 quod
664 2135 797 2196 Vocales
813 2134 1035 2211 subsequentes
1054 2108 1283 2219 pronunciatio-'¹

88 2259 145 2303 nem
175 2243 420 2321 praecedentium
448 2240 650 2301 determinare
670 2237 808 2308 soleant,
837 2236 963 2297 ethaeo
986 2238 1097 2322 iterum
1121 2253 1138 2294 ιι
1160 2236 1278 2296 maiore

89 2348 127 2407 rei
138 2347 255 2433 minore
271 2324 344 2408 'toni
362 2336 556 2427 iqtensitate,
577 2352 642 2404 tum
659 2344 751 2402 ctiam
768 2342 971 2420 apositione,
999 2357 1054 2416 seu
1075 2339 1161 2409 loco,
1191 2357 1282 2431 quem

88 2452 191 2514 uocalis
205 2451 238 2512 iu
252 2451 382 2513 dictione
400 2458 545 2527 occupat,
567 2445 740 2525 dependeat.

653 2588 696 2652 A.

119 2723 141 2782 t
161 2741 180 2782 a
196 2720 345 2782 olauoum
363 2719 513 2781 occurrii:

176 2826 211 2905 1)
233 2827 264 2886 in
281 2825 429 2911 principio
444 2821 680 2894 vocabulorum,
707 2816 770 2882 ulit
1222 2886 1224 2890 ,

278 2947 368 2998 acus,
475 2946 572 3004 utcu,
676 2941 787 2994 arcus,
878 2914 977 2999 albu,
1078 2911 1183 2986 albus,

276 3050 363 3102 acer,
476 3031 581 3109 altro,
676 3029 773 3097 alter,
878 3042 999 3103 oapru,
1078 3040 1189 3099 asper,

277 3155 400 3205 aurum,
475 3141 610 3212 anaim,
677 3141 800 3199 auster,
879 3123 995 3203 άιίιιιι,
1078 3125 1202 3190 minus,

275 3259 346 3309 aro,
474 3252 583 3313 armo,
672 3254 774 3304 armo,
875 3231 976 3307 ardu,
1077 3227 1201 3296 ardent,

94 3344 180 3420 ooo,
278 3343 420 3413 audiunt,
477 3337 625 3421 audrico,
676 3339 808 3406 adduco,
877 3329 1021 3414 dpperu,
1078 3329 1277 3399 defenduetc.

173 3444 210 3530 2)
232 3449 264 3506 in
286 3447 383 3506 medio
406 3447 437 3505 iu
459 3444 584 3521 syllabis
599 3443 726 3512 toniois,
747 3443 810 3502 utix
1024 3434 1026 3439 ’

94 3547 188 3620 coco,
278 3550 382 3621 calco,
478 3565 595 3625 carru,
678 3564 808 3615 currus,
879 3557 981 3619 capu,
1078 3540 1189 3612 capnt,

73 3638 180 3761 licitu,
276 3654 393 3722 saltus,
476 3655 581 3727 statu,
676 3658 793 3728 status,
876 3643 972 3721 lacu,
1077 3637 1181 3708 lacus,

73 3695 180 3834 ¹itote,
277 3758 373 3824 iacio,
476 3772 594 3829 saecu,
678 3769 804 3819 saccus,
879 3745 986 3824 vallo,
1041 3742 1209 3808 .vallum,

95 3854 159 3938 dou,
276 3861 335 3929 do,
474 3860 619 3936 vinario,
673 3855 829 3922 vinarius,
875 3844 1017 3927 mosetto,
1078 3847 1229 3909 mutatus,

95 3975 176 4042 ratu,
275 3983 383 4036 rarus,
471 3979 592 4040 passu,
663 3975 804 4037 passus,
865 3953 988 4035 Ιαιιιι,
1075 3944 1165 4017 laxo,
1187 3953 1246 4004 etc.

177 4066 365 4141 Excipiuntur
380 4064 463 4129 binc,
480 4078 551 4131 quae
564 4061 617 4116 sub
635 4063 682 4116 Ν.
695 4062 860 4127 sequentur

178 4156 235 4213 iiio
254 4170 344 4211 sonus
365 4152 501 4224 repondet
516 4150 610 4207 italioo
624 4168 657 4216 o,
675 4149 720 4202 in:
738 4164 816 4214 amo,
834 4148 923 4212 oudo,
941 4134 1066 4194 francico
1085 4138 1132 4191 ln.
1148 4141 1279 4207 sot,ono·
1262 4228 1265 4233 Ι

1023 4225 1152 4294 q„
