<?xml version="1.0" encoding="UTF-8"?>
<!DOCTYPE html PUBLIC "-//W3C//DTD XHTML 1.0 Transitional//EN"
    "http://www.w3.org/TR/xhtml1/DTD/xhtml1-transitional.dtd">
<html xmlns="http://www.w3.org/1999/xhtml" xml:lang="en" lang="en">
 <head>
  <title>
</title>
<meta http-equiv="Content-Type" content="text/html;charset=utf-8" />
  <meta name='ocr-system' content='tesseract 3.04.00' />
  <meta name='ocr-capabilities' content='ocr_page ocr_carea ocr_par ocr_line ocrx_word'/>
</head>
<body>
  <div class='ocr_page' id='page_1' title='image "./tentamencriticu00laurgoog_0016.png"; bbox 0 0 2746 4604; ppageno 0'>
   <div class='ocr_carea' id='block_1_1' title="bbox 551 330 720 407">
    <p class='ocr_par' dir='ltr' id='par_1_1' title="bbox 551 330 720 407">
     <span class='ocr_line' id='line_1_1' title="bbox 551 330 720 407; baseline 0.041 -72"><span class='ocrx_word' id='word_1_1' title='bbox 551 330 720 407; x_wconf 58' lang='grc' dir='ltr'><strong>Μ,</strong></span> 
     </span>
    </p>
   </div>
   <div class='ocr_carea' id='block_1_2' title="bbox 10 525 1274 4240">
    <p class='ocr_par' dir='ltr' id='par_1_2' title="bbox 50 525 1274 1959">
     <span class='ocr_line' id='line_1_2' title="bbox 145 525 1247 608; baseline -0.001 -22"><span class='ocrx_word' id='word_1_2' title='bbox 145 529 232 608; x_wconf 52' lang='lat' dir='ltr'><strong>,Ego</strong></span> <span class='ocrx_word' id='word_1_3' title='bbox 252 547 338 599; x_wconf 85' lang='lat' dir='ltr'><strong>sane,</strong></span> <span class='ocrx_word' id='word_1_4' title='bbox 360 528 412 606; x_wconf 88' lang='lat' dir='ltr'><strong>qui</strong></span> <span class='ocrx_word' id='word_1_5' title='bbox 433 537 602 607; x_wconf 75' lang='lat' dir='ltr'><strong>torpentem</strong></span> <span class='ocrx_word' id='word_1_6' title='bbox 622 527 838 607; x_wconf 75' lang='lat' dir='ltr'><strong>rempublicam</strong></span> <span class='ocrx_word' id='word_1_7' title='bbox 856 536 887 588; x_wconf 91' lang='lat' dir='ltr'><strong>et</strong></span> <span class='ocrx_word' id='word_1_8' title='bbox 906 528 1094 607; x_wconf 76' lang='lat' dir='ltr'><strong>dissipatam,</strong></span> <span class='ocrx_word' id='word_1_9' title='bbox 1115 537 1179 588; x_wconf 89' lang='lat' dir='ltr'><strong>tum</strong></span> <span class='ocrx_word' id='word_1_10' title='bbox 1197 525 1247 586; x_wconf 93' lang='lat' dir='ltr'><strong>do·</strong></span> 
     </span>
     <span class='ocr_line' id='line_1_3' title="bbox 50 630 1247 714; baseline 0 -24"><span class='ocrx_word' id='word_1_11' title='bbox 50 633 175 693; x_wconf 87' lang='lat' dir='ltr'><strong>mestiea</strong></span> <span class='ocrx_word' id='word_1_12' title='bbox 197 632 364 714; x_wconf 80' lang='lat' dir='ltr'><strong>tyrannide,</strong></span> <span class='ocrx_word' id='word_1_13' title='bbox 386 641 449 690; x_wconf 91' lang='lat' dir='ltr'><strong>tum</strong></span> <span class='ocrx_word' id='word_1_14' title='bbox 471 634 619 694; x_wconf 81' lang='lat' dir='ltr'><strong>Getarum</strong></span> <span class='ocrx_word' id='word_1_15' title='bbox 642 634 834 704; x_wconf 88' lang='lat' dir='ltr'><strong>contumelia,</strong></span> <span class='ocrx_word' id='word_1_16' title='bbox 857 635 1045 711; x_wconf 64' lang='lat' dir='ltr'><strong>suscipiens„</strong></span> <span class='ocrx_word' id='word_1_17' title='bbox 1066 633 1153 692; x_wconf 87' lang='lat' dir='ltr'><strong>solus</strong></span> <span class='ocrx_word' id='word_1_18' title='bbox 1167 630 1247 691; x_wconf 78' lang='lat' dir='ltr'><strong>latri</strong></span> 
     </span>
     <span class='ocr_line' id='line_1_4' title="bbox 52 735 1247 816; baseline -0.001 -22"><span class='ocrx_word' id='word_1_19' title='bbox 52 736 168 795; x_wconf 80' lang='lat' dir='ltr'><strong>aerolas</strong></span> <span class='ocrx_word' id='word_1_20' title='bbox 192 736 316 815; x_wconf 88' lang='lat' dir='ltr'><strong>adgredi</strong></span> <span class='ocrx_word' id='word_1_21' title='bbox 338 754 431 796; x_wconf 88' lang='lat' dir='ltr'><strong>ausus</strong></span> <span class='ocrx_word' id='word_1_22' title='bbox 453 755 532 808; x_wconf 83' lang='lat' dir='ltr'><strong>sum,</strong></span> <span class='ocrx_word' id='word_1_23' title='bbox 553 748 584 798; x_wconf 89' lang='lat' dir='ltr'><strong>et</strong></span> <span class='ocrx_word' id='word_1_24' title='bbox 606 738 752 800; x_wconf 82' lang='lat' dir='ltr'><strong>Getarum</strong></span> <span class='ocrx_word' id='word_1_25' title='bbox 775 738 894 816; x_wconf 91' lang='lat' dir='ltr'><strong>quidem</strong></span> <span class='ocrx_word' id='word_1_26' title='bbox 915 746 1037 816; x_wconf 78' lang='lat' dir='ltr'><strong>gentem</strong></span> <span class='ocrx_word' id='word_1_27' title='bbox 1057 737 1177 815; x_wconf 89' lang='lat' dir='ltr'><strong>penitus</strong></span> <span class='ocrx_word' id='word_1_28' title='bbox 1197 735 1247 793; x_wconf 90' lang='lat' dir='ltr'><strong>de·</strong></span> 
     </span>
     <span class='ocr_line' id='line_1_5' title="bbox 52 839 1249 919; baseline 0 -21"><span class='ocrx_word' id='word_1_29' title='bbox 52 840 123 911; x_wconf 81' lang='lat' dir='ltr'><strong>levi,</strong></span> <span class='ocrx_word' id='word_1_30' title='bbox 145 840 300 916; x_wconf 87' lang='lat' dir='ltr'><strong>(homines</strong></span> <span class='ocrx_word' id='word_1_31' title='bbox 321 849 386 899; x_wconf 86' lang='lat' dir='ltr'><strong>tum</strong></span> <span class='ocrx_word' id='word_1_32' title='bbox 408 840 446 900; x_wconf 94' lang='lat' dir='ltr'><strong>ob</strong></span> <span class='ocrx_word' id='word_1_33' title='bbox 465 841 560 903; x_wconf 89' lang='lat' dir='ltr'><strong>robur</strong></span> <span class='ocrx_word' id='word_1_34' title='bbox 582 845 719 919; x_wconf 89' lang='lat' dir='ltr'><strong>eorporis</strong></span> <span class='ocrx_word' id='word_1_35' title='bbox 740 852 804 901; x_wconf 89' lang='lat' dir='ltr'><strong>turn</strong></span> <span class='ocrx_word' id='word_1_36' title='bbox 826 842 865 901; x_wconf 93' lang='lat' dir='ltr'><strong>ob</strong></span> <span class='ocrx_word' id='word_1_37' title='bbox 887 841 1057 918; x_wconf 80' lang='lat' dir='ltr'><strong>opinionem</strong></span> <span class='ocrx_word' id='word_1_38' title='bbox 1078 840 1114 898; x_wconf 91' lang='lat' dir='ltr'><strong>de</strong></span> <span class='ocrx_word' id='word_1_39' title='bbox 1135 839 1249 917; x_wconf 89' lang='lat' dir='ltr'><strong>migra·</strong></span> 
     </span>
     <span class='ocr_line' id='line_1_6' title="bbox 53 940 1248 1022; baseline 0 -20"><span class='ocrx_word' id='word_1_40' title='bbox 53 944 131 1003; x_wconf 91' lang='lat' dir='ltr'><strong>tione</strong></span> <span class='ocrx_word' id='word_1_41' title='bbox 151 946 338 1022; x_wconf 83' lang='lat' dir='ltr'><strong>animarum,</strong></span> <span class='ocrx_word' id='word_1_42' title='bbox 365 964 454 1022; x_wconf 89' lang='lat' dir='ltr'><strong>quam</strong></span> <span class='ocrx_word' id='word_1_43' title='bbox 474 946 535 1006; x_wconf 92' lang='lat' dir='ltr'><strong>illis</strong></span> <span class='ocrx_word' id='word_1_44' title='bbox 568 946 724 1007; x_wconf 81' lang='lat' dir='ltr'><strong>Zalmoxis</strong></span> <span class='ocrx_word' id='word_1_45' title='bbox 756 945 933 1016; x_wconf 86' lang='lat' dir='ltr'><strong>instillavit,</strong></span> <span class='ocrx_word' id='word_1_46' title='bbox 965 943 1215 1004; x_wconf 81' lang='lat' dir='ltr'><strong>bellicosissimos</strong></span> <span class='ocrx_word' id='word_1_47' title='bbox 1223 940 1248 1018; x_wconf 76' lang='lat'><strong>3)</strong></span> 
     </span>
     <span class='ocr_line' id='line_1_7' title="bbox 56 1045 1248 1130; baseline -0.001 -25"><span class='ocrx_word' id='word_1_48' title='bbox 56 1055 85 1105; x_wconf 91' lang='lat' dir='ltr'><strong>et</strong></span> <span class='ocrx_word' id='word_1_49' title='bbox 103 1046 162 1107; x_wconf 90' lang='lat' dir='ltr'><strong>boe</strong></span> <span class='ocrx_word' id='word_1_50' title='bbox 185 1048 303 1124; x_wconf 89' lang='lat' dir='ltr'><strong>quidem</strong></span> <span class='ocrx_word' id='word_1_51' title='bbox 323 1057 439 1108; x_wconf 89' lang='lat' dir='ltr'><strong>tantum</strong></span> <span class='ocrx_word' id='word_1_52' title='bbox 460 1068 535 1128; x_wconf 91' lang='lat' dir='ltr'><strong>opus</strong></span> <span class='ocrx_word' id='word_1_53' title='bbox 557 1052 643 1110; x_wconf 89' lang='lat' dir='ltr'><strong>annis</strong></span> <span class='ocrx_word' id='word_1_54' title='bbox 663 1051 728 1111; x_wconf 82' lang='lat' dir='ltr'><strong>fere</strong></span> <span class='ocrx_word' id='word_1_55' title='bbox 751 1051 881 1130; x_wconf 90' lang='lat' dir='ltr'><strong>quinque</strong></span> <span class='ocrx_word' id='word_1_56' title='bbox 902 1047 1048 1112; x_wconf 82' lang='lat' dir='ltr'><strong>eonieoi.”</strong></span> <span class='ocrx_word' id='word_1_57' title='bbox 1069 1048 1180 1107; x_wconf 85' lang='lat' dir='ltr'><strong>Paucis</strong></span> <span class='ocrx_word' id='word_1_58' title='bbox 1198 1045 1248 1104; x_wconf 89' lang='lat' dir='ltr'><strong>bis</strong></span> 
     </span>
     <span class='ocr_line' id='line_1_8' title="bbox 55 1149 1251 1232; baseline 0.003 -26"><span class='ocrx_word' id='word_1_59' title='bbox 55 1149 172 1219; x_wconf 87' lang='lat' dir='ltr'><strong>verbis,</strong></span> <span class='ocrx_word' id='word_1_60' title='bbox 195 1150 273 1227; x_wconf 89' lang='lat' dir='ltr'><strong>apud</strong></span> <span class='ocrx_word' id='word_1_61' title='bbox 287 1151 444 1211; x_wconf 88' lang='lat' dir='ltr'><strong>Julianum</strong></span> <span class='ocrx_word' id='word_1_62' title='bbox 465 1154 495 1211; x_wconf 91' lang='lat' dir='ltr'><strong>in</strong></span> <span class='ocrx_word' id='word_1_63' title='bbox 518 1154 720 1232; x_wconf 76' lang='lat' dir='ltr'><strong>Caesaribus,</strong></span> <span class='ocrx_word' id='word_1_64' title='bbox 741 1155 886 1232; x_wconf 85' lang='lat' dir='ltr'><strong>gigantes</strong></span> <span class='ocrx_word' id='word_1_65' title='bbox 906 1171 962 1213; x_wconf 90' lang='lat' dir='ltr'><strong>sua</strong></span> <span class='ocrx_word' id='word_1_66' title='bbox 977 1153 1129 1212; x_wconf 77' lang='lat' dir='ltr'><strong>Traianus</strong></span> <span class='ocrx_word' id='word_1_67' title='bbox 1151 1149 1251 1227; x_wconf 86' lang='lat' dir='ltr'><strong>expri-</strong></span> 
     </span>
     <span class='ocr_line' id='line_1_9' title="bbox 56 1253 1251 1334; baseline 0.002 -23"><span class='ocrx_word' id='word_1_68' title='bbox 56 1253 105 1312; x_wconf 89' lang='lat' dir='ltr'><strong>mit</strong></span> <span class='ocrx_word' id='word_1_69' title='bbox 121 1262 232 1334; x_wconf 87' lang='lat' dir='ltr'><strong>gesta‚</strong></span> <span class='ocrx_word' id='word_1_70' title='bbox 265 1257 316 1332; x_wconf 90' lang='lat' dir='ltr'><strong>qul</strong></span> <span class='ocrx_word' id='word_1_71' title='bbox 337 1256 452 1315; x_wconf 87' lang='lat' dir='ltr'><strong>duobus</strong></span> <span class='ocrx_word' id='word_1_72' title='bbox 472 1256 560 1317; x_wconf 90' lang='lat' dir='ltr'><strong>bellis</strong></span> <span class='ocrx_word' id='word_1_73' title='bbox 583 1268 688 1318; x_wconf 89' lang='lat' dir='ltr'><strong>eontra</strong></span> <span class='ocrx_word' id='word_1_74' title='bbox 709 1259 811 1318; x_wconf 82' lang='lat' dir='ltr'><strong>Danas</strong></span> <span class='ocrx_word' id='word_1_75' title='bbox 833 1257 1005 1334; x_wconf 83' lang='lat' dir='ltr'><strong>susceptis,</strong></span> <span class='ocrx_word' id='word_1_76' title='bbox 1035 1258 1133 1334; x_wconf 90' lang='lat' dir='ltr'><strong>primo</strong></span> <span class='ocrx_word' id='word_1_77' title='bbox 1155 1272 1209 1314; x_wconf 94' lang='lat' dir='ltr'><strong>eos</strong></span> <span class='ocrx_word' id='word_1_78' title='bbox 1231 1271 1251 1312; x_wconf 87' lang='lat' dir='ltr'><strong>a</strong></span> 
     </span>
     <span class='ocr_line' id='line_1_10' title="bbox 56 1356 1249 1436; baseline 0.003 -23"><span class='ocrx_word' id='word_1_79' title='bbox 56 1356 229 1417; x_wconf 82' lang='lat' dir='ltr'><strong>lacessendo</strong></span> <span class='ocrx_word' id='word_1_80' title='bbox 250 1360 419 1425; x_wconf 80' lang='lat' dir='ltr'><strong>Romanum</strong></span> <span class='ocrx_word' id='word_1_81' title='bbox 439 1361 599 1436; x_wconf 86' lang='lat' dir='ltr'><strong>imperium</strong></span> <span class='ocrx_word' id='word_1_82' title='bbox 621 1359 740 1436; x_wconf 85' lang='lat' dir='ltr'><strong>repulit,</strong></span> <span class='ocrx_word' id='word_1_83' title='bbox 763 1359 894 1419; x_wconf 88' lang='lat' dir='ltr'><strong>seeundo</strong></span> <span class='ocrx_word' id='word_1_84' title='bbox 917 1358 1044 1417; x_wconf 90' lang='lat' dir='ltr'><strong>needum</strong></span> <span class='ocrx_word' id='word_1_85' title='bbox 1066 1359 1184 1436; x_wconf 89' lang='lat' dir='ltr'><strong>quietos</strong></span> <span class='ocrx_word' id='word_1_86' title='bbox 1198 1375 1249 1435; x_wconf 90' lang='lat' dir='ltr'><strong>pe·</strong></span> 
     </span>
     <span class='ocr_line' id='line_1_11' title="bbox 57 1441 1274 1540; baseline 0.002 -24"><span class='ocrx_word' id='word_1_87' title='bbox 57 1459 133 1519; x_wconf 87' lang='lat' dir='ltr'><strong>nitus</strong></span> <span class='ocrx_word' id='word_1_88' title='bbox 148 1458 279 1531; x_wconf 88' lang='lat' dir='ltr'><strong>delevit,</strong></span> <span class='ocrx_word' id='word_1_89' title='bbox 299 1472 459 1540; x_wconf 85' lang='lat' dir='ltr'><strong>postquam</strong></span> <span class='ocrx_word' id='word_1_90' title='bbox 481 1463 658 1539; x_wconf 89' lang='lat' dir='ltr'><strong>stupendum</strong></span> <span class='ocrx_word' id='word_1_91' title='bbox 678 1463 765 1521; x_wconf 91' lang='lat' dir='ltr'><strong>illum</strong></span> <span class='ocrx_word' id='word_1_92' title='bbox 785 1462 816 1519; x_wconf 89' lang='lat' dir='ltr'><strong>in</strong></span> <span class='ocrx_word' id='word_1_93' title='bbox 832 1462 971 1520; x_wconf 88' lang='lat' dir='ltr'><strong>Danubio</strong></span> <span class='ocrx_word' id='word_1_94' title='bbox 990 1461 1157 1520; x_wconf 75' lang='lat' dir='ltr'><strong>struxisset</strong></span> <span class='ocrx_word' id='word_1_95' title='bbox 1177 1478 1249 1537; x_wconf 89' lang='lat' dir='ltr'><strong>pon·</strong></span> <span class='ocrx_word' id='word_1_96' title='bbox 1273 1441 1274 1445; x_wconf 7' lang='grc' dir='ltr'><strong>Ἰ</strong></span> 
     </span>
     <span class='ocr_line' id='line_1_12' title="bbox 58 1563 1249 1643; baseline 0.002 -23"><span class='ocrx_word' id='word_1_97' title='bbox 58 1570 127 1635; x_wconf 88' lang='lat' dir='ltr'><strong>tem,</strong></span> <span class='ocrx_word' id='word_1_98' title='bbox 148 1563 187 1622; x_wconf 91' lang='lat' dir='ltr'><strong>de</strong></span> <span class='ocrx_word' id='word_1_99' title='bbox 210 1583 268 1641; x_wconf 94' lang='lat' dir='ltr'><strong>quo</strong></span> <span class='ocrx_word' id='word_1_100' title='bbox 289 1567 348 1625; x_wconf 87' lang='lat' dir='ltr'><strong>Dio</strong></span> <span class='ocrx_word' id='word_1_101' title='bbox 373 1567 517 1626; x_wconf 79' lang='lat' dir='ltr'><strong>cassius:</strong></span> <span class='ocrx_word' id='word_1_102' title='bbox 550 1569 696 1636; x_wconf 88' lang='lat' dir='ltr'><strong>„Interim</strong></span> <span class='ocrx_word' id='word_1_103' title='bbox 726 1567 877 1632; x_wconf 78' lang='lat' dir='ltr'><strong>Traianus</strong></span> <span class='ocrx_word' id='word_1_104' title='bbox 899 1576 1022 1643; x_wconf 90' lang='lat' dir='ltr'><strong>pontem</strong></span> <span class='ocrx_word' id='word_1_105' title='bbox 1048 1564 1249 1642; x_wconf 85' lang='lat' dir='ltr'><strong>lapidenmin</strong></span> 
     </span>
     <span class='ocr_line' id='line_1_13' title="bbox 59 1665 1250 1749; baseline 0.003 -25"><span class='ocrx_word' id='word_1_106' title='bbox 59 1665 189 1726; x_wconf 76' lang='lat' dir='ltr'><strong>Danubio</strong></span> <span class='ocrx_word' id='word_1_107' title='bbox 209 1667 379 1728; x_wconf 84' lang='lat' dir='ltr'><strong>iaciendum</strong></span> <span class='ocrx_word' id='word_1_108' title='bbox 402 1671 542 1740; x_wconf 78' lang='lat' dir='ltr'><strong>curavit,</strong></span> <span class='ocrx_word' id='word_1_109' title='bbox 571 1688 659 1748; x_wconf 88' lang='lat' dir='ltr'><strong>quem</strong></span> <span class='ocrx_word' id='word_1_110' title='bbox 681 1689 739 1749; x_wconf 91' lang='lat' dir='ltr'><strong>ego</strong></span> <span class='ocrx_word' id='word_1_111' title='bbox 762 1669 881 1748; x_wconf 89' lang='lat' dir='ltr'><strong>quidem</strong></span> <span class='ocrx_word' id='word_1_112' title='bbox 903 1670 994 1748; x_wconf 91' lang='lat' dir='ltr'><strong>digne</strong></span> <span class='ocrx_word' id='word_1_113' title='bbox 1022 1669 1164 1729; x_wconf 86' lang='lat' dir='ltr'><strong>admirari</strong></span> <span class='ocrx_word' id='word_1_114' title='bbox 1189 1684 1250 1727; x_wconf 86' lang='lat' dir='ltr'><strong>non</strong></span> 
     </span>
     <span class='ocr_line' id='line_1_14' title="bbox 62 1773 1251 1853; baseline 0.001 -24"><span class='ocrx_word' id='word_1_115' title='bbox 62 1786 146 1845; x_wconf 69' lang='lat' dir='ltr'><strong>queoa</strong></span> <span class='ocrx_word' id='word_1_116' title='bbox 175 1787 246 1829; x_wconf 88' lang='lat' dir='ltr'><strong>nam</strong></span> <span class='ocrx_word' id='word_1_117' title='bbox 267 1773 326 1830; x_wconf 87' lang='lat' dir='ltr'><strong>etsi</strong></span> <span class='ocrx_word' id='word_1_118' title='bbox 348 1774 474 1833; x_wconf 78' lang='lat' dir='ltr'><strong>Traiani</strong></span> <span class='ocrx_word' id='word_1_119' title='bbox 502 1784 573 1834; x_wconf 89' lang='lat' dir='ltr'><strong>suut</strong></span> <span class='ocrx_word' id='word_1_120' title='bbox 601 1775 661 1834; x_wconf 89' lang='lat' dir='ltr'><strong>alia</strong></span> <span class='ocrx_word' id='word_1_121' title='bbox 682 1793 774 1852; x_wconf 88' lang='lat' dir='ltr'><strong>opera</strong></span> <span class='ocrx_word' id='word_1_122' title='bbox 794 1774 976 1853; x_wconf 80' lang='lat' dir='ltr'><strong>magnifica,</strong></span> <span class='ocrx_word' id='word_1_123' title='bbox 1004 1783 1104 1833; x_wconf 67' lang='lat' dir='ltr'><strong>nmen</strong></span> <span class='ocrx_word' id='word_1_124' title='bbox 1124 1774 1153 1831; x_wconf 88' lang='lat' dir='ltr'><strong>is</strong></span> <span class='ocrx_word' id='word_1_125' title='bbox 1172 1782 1251 1849; x_wconf 80' lang='lat' dir='ltr'><strong>pons</strong></span> 
     </span>
     <span class='ocr_line' id='line_1_15' title="bbox 62 1871 1250 1959; baseline 0.003 -29"><span class='ocrx_word' id='word_1_126' title='bbox 62 1871 141 1952; x_wconf 85' lang='lat' dir='ltr'><strong>longe</strong></span> <span class='ocrx_word' id='word_1_127' title='bbox 156 1874 296 1935; x_wconf 88' lang='lat' dir='ltr'><strong>omnibus</strong></span> <span class='ocrx_word' id='word_1_128' title='bbox 318 1877 388 1936; x_wconf 89' lang='lat' dir='ltr'><strong>aliis</strong></span> <span class='ocrx_word' id='word_1_129' title='bbox 404 1881 565 1940; x_wconf 85' lang='lat' dir='ltr'><strong>antecellit.</strong></span> <span class='ocrx_word' id='word_1_130' title='bbox 596 1884 671 1941; x_wconf 82' lang='lat' dir='ltr'><strong>llius</strong></span> <span class='ocrx_word' id='word_1_131' title='bbox 692 1882 793 1959; x_wconf 90' lang='lat' dir='ltr'><strong>pontis</strong></span> <span class='ocrx_word' id='word_1_132' title='bbox 814 1882 893 1958; x_wconf 90' lang='lat' dir='ltr'><strong>pilae</strong></span> <span class='ocrx_word' id='word_1_133' title='bbox 914 1887 986 1936; x_wconf 91' lang='lat' dir='ltr'><strong>sunt</strong></span> <span class='ocrx_word' id='word_1_134' title='bbox 1005 1879 1073 1936; x_wconf 83' lang='lat' dir='ltr'><strong>XX.</strong></span> <span class='ocrx_word' id='word_1_135' title='bbox 1094 1895 1133 1935; x_wconf 92' lang='lat' dir='ltr'><strong>ex</strong></span> <span class='ocrx_word' id='word_1_136' title='bbox 1152 1875 1250 1952; x_wconf 88' lang='lat' dir='ltr'><strong>lapide</strong></span> 
     </span>
    </p>

    <p class='ocr_par' dir='ltr' id='par_1_3' title="bbox 10 1969 1257 3922">
     <span class='ocr_line' id='line_1_16' title="bbox 64 1969 1251 2059; baseline 0 -21"><span class='ocrx_word' id='word_1_137' title='bbox 64 1969 216 2056; x_wconf 73' lang='lat' dir='ltr'><strong>quadrato,</strong></span> <span class='ocrx_word' id='word_1_138' title='bbox 238 1980 377 2058; x_wconf 81' lang='lat' dir='ltr'><strong>singulae</strong></span> <span class='ocrx_word' id='word_1_139' title='bbox 399 1981 512 2059; x_wconf 88' lang='lat' dir='ltr'><strong>absque</strong></span> <span class='ocrx_word' id='word_1_140' title='bbox 532 1984 733 2044; x_wconf 81' lang='lat' dir='ltr'><strong>fundamentis</strong></span> <span class='ocrx_word' id='word_1_141' title='bbox 755 1984 910 2044; x_wconf 78' lang='lat' dir='ltr'><strong>altitudine</strong></span> <span class='ocrx_word' id='word_1_142' title='bbox 932 1981 1040 2058; x_wconf 86' lang='lat' dir='ltr'><strong>pedum</strong></span> <span class='ocrx_word' id='word_1_143' title='bbox 1063 1981 1130 2050; x_wconf 74' lang='lat' dir='ltr'><strong>cb,</strong></span> <span class='ocrx_word' id='word_1_144' title='bbox 1150 1981 1251 2039; x_wconf 87' lang='lat' dir='ltr'><strong>latitu-</strong></span> 
     </span>
     <span class='ocr_line' id='line_1_17' title="bbox 27 2079 1252 2163; baseline -0.002 -18"><span class='ocrx_word' id='word_1_145' title='bbox 27 2118 30 2145; x_wconf 66' lang='grc' dir='ltr'>ι</span> <span class='ocrx_word' id='word_1_146' title='bbox 65 2079 118 2140; x_wconf 83' lang='lat' dir='ltr'><strong>dine</strong></span> <span class='ocrx_word' id='word_1_147' title='bbox 142 2082 253 2159; x_wconf 89' lang='lat' dir='ltr'><strong>pedum</strong></span> <span class='ocrx_word' id='word_1_148' title='bbox 273 2084 339 2144; x_wconf 83' lang='lat' dir='ltr'><strong>Lx.</strong></span> <span class='ocrx_word' id='word_1_149' title='bbox 360 2084 474 2145; x_wconf 88' lang='lat' dir='ltr'><strong>distant</strong></span> <span class='ocrx_word' id='word_1_150' title='bbox 501 2086 632 2145; x_wconf 86' lang='lat' dir='ltr'><strong>intense</strong></span> <span class='ocrx_word' id='word_1_151' title='bbox 659 2086 819 2147; x_wconf 84' lang='lat' dir='ltr'><strong>intervallo</strong></span> <span class='ocrx_word' id='word_1_152' title='bbox 842 2085 962 2146; x_wconf 76' lang='lat' dir='ltr'>CLXX.</span> <span class='ocrx_word' id='word_1_153' title='bbox 982 2086 1101 2163; x_wconf 90' lang='lat' dir='ltr'><strong>pedum,</strong></span> <span class='ocrx_word' id='word_1_154' title='bbox 1123 2093 1252 2161; x_wconf 88' lang='lat' dir='ltr'><strong>suntque</strong></span> 
     </span>
     <span class='ocr_line' id='line_1_18' title="bbox 24 2180 1252 2269; baseline 0.003 -25"><span class='ocrx_word' id='word_1_155' title='bbox 24 2180 29 2269; x_wconf 65' lang='lat'><strong>,²</strong></span> <span class='ocrx_word' id='word_1_156' title='bbox 64 2185 221 2246; x_wconf 85' lang='lat' dir='ltr'><strong>iomioibus</strong></span> <span class='ocrx_word' id='word_1_157' title='bbox 242 2189 428 2249; x_wconf 79' lang='lat' dir='ltr'><strong>coniunctae.</strong></span> <span class='ocrx_word' id='word_1_158' title='bbox 450 2189 544 2248; x_wconf 78' lang='lat' dir='ltr'><strong>Cuius</strong></span> <span class='ocrx_word' id='word_1_159' title='bbox 567 2191 677 2266; x_wconf 91' lang='lat' dir='ltr'><strong>operis·</strong></span> <span class='ocrx_word' id='word_1_160' title='bbox 691 2201 830 2268; x_wconf 89' lang='lat' dir='ltr'><strong>sumptus</strong></span> <span class='ocrx_word' id='word_1_161' title='bbox 851 2191 924 2249; x_wconf 90' lang='lat' dir='ltr'><strong>lieet</strong></span> <span class='ocrx_word' id='word_1_162' title='bbox 944 2190 985 2248; x_wconf 91' lang='lat' dir='ltr'><strong>sit</strong></span> <span class='ocrx_word' id='word_1_163' title='bbox 998 2189 1195 2257; x_wconf 82' lang='lat' dir='ltr'><strong>incredibilis,</strong></span> <span class='ocrx_word' id='word_1_164' title='bbox 1208 2196 1252 2248; x_wconf 86' lang='lat' dir='ltr'><strong>ta·</strong></span> 
     </span>
     <span class='ocr_line' id='line_1_19' title="bbox 22 2274 1252 2371; baseline 0.005 -26"><span class='ocrx_word' id='word_1_165' title='bbox 22 2274 26 2329; x_wconf 70' lang='grc' dir='ltr'>ἷ</span> <span class='ocrx_word' id='word_1_166' title='bbox 64 2304 122 2348; x_wconf 85' lang='lat' dir='ltr'><strong>neu</strong></span> <span class='ocrx_word' id='word_1_167' title='bbox 143 2288 214 2365; x_wconf 88' lang='lat' dir='ltr'><strong>plus</strong></span> <span class='ocrx_word' id='word_1_168' title='bbox 235 2291 444 2352; x_wconf 84' lang='lat' dir='ltr'><strong>admirationis</strong></span> <span class='ocrx_word' id='word_1_169' title='bbox 466 2292 566 2363; x_wconf 90' lang='lat' dir='ltr'><strong>babet,</strong></span> <span class='ocrx_word' id='word_1_170' title='bbox 589 2294 667 2371; x_wconf 91' lang='lat' dir='ltr'><strong>quod</strong></span> <span class='ocrx_word' id='word_1_171' title='bbox 687 2294 763 2354; x_wconf 86' lang='lat' dir='ltr'><strong>haee</strong></span> <span class='ocrx_word' id='word_1_172' title='bbox 782 2296 814 2352; x_wconf 90' lang='lat' dir='ltr'><strong>in</strong></span> <span class='ocrx_word' id='word_1_173' title='bbox 835 2294 928 2353; x_wconf 83' lang='lat' dir='ltr'><strong>fluvio</strong></span> <span class='ocrx_word' id='word_1_174' title='bbox 950 2291 1125 2371; x_wconf 79' lang='lat' dir='ltr'><strong>gurgitibus</strong></span> <span class='ocrx_word' id='word_1_175' title='bbox 1145 2292 1252 2369; x_wconf 60' lang='lat' dir='ltr'><strong>pleno,</strong></span> 
     </span>
     <span class='ocr_line' id='line_1_20' title="bbox 62 2391 1254 2476; baseline 0.001 -23"><span class='ocrx_word' id='word_1_176' title='bbox 62 2391 224 2470; x_wconf 83' lang='lat' dir='ltr'><strong>limosoque</strong></span> <span class='ocrx_word' id='word_1_177' title='bbox 241 2394 327 2455; x_wconf 84' lang='lat' dir='ltr'><strong>al&#39;veo</strong></span> <span class='ocrx_word' id='word_1_178' title='bbox 341 2397 421 2457; x_wconf 84' lang='lat' dir='ltr'><strong>faeta</strong></span> <span class='ocrx_word' id='word_1_179' title='bbox 442 2407 528 2467; x_wconf 91' lang='lat' dir='ltr'><strong>sunt,</strong></span> <span class='ocrx_word' id='word_1_180' title='bbox 551 2399 688 2476; x_wconf 90' lang='lat' dir='ltr'><strong>quodque</strong></span> <span class='ocrx_word' id='word_1_181' title='bbox 709 2400 811 2458; x_wconf 85' lang='lat' dir='ltr'><strong>fluxus</strong></span> <span class='ocrx_word' id='word_1_182' title='bbox 833 2399 898 2456; x_wconf 89' lang='lat' dir='ltr'><strong>eius</strong></span> <span class='ocrx_word' id='word_1_183' title='bbox 919 2398 1054 2455; x_wconf 86' lang='lat' dir='ltr'><strong>fluminis</strong></span> <span class='ocrx_word' id='word_1_184' title='bbox 1075 2397 1134 2455; x_wconf 88' lang='lat' dir='ltr'><strong>alio</strong></span> <span class='ocrx_word' id='word_1_185' title='bbox 1157 2396 1254 2454; x_wconf 87' lang='lat' dir='ltr'><strong>averti</strong></span> 
     </span>
     <span class='ocr_line' id='line_1_21' title="bbox 60 2496 1253 2577; baseline 0.003 -24"><span class='ocrx_word' id='word_1_186' title='bbox 60 2504 112 2554; x_wconf 85' lang='lat' dir='ltr'><strong>non</strong></span> <span class='ocrx_word' id='word_1_187' title='bbox 128 2497 237 2572; x_wconf 86' lang='lat' dir='ltr'><strong>potuit.</strong></span> <span class='ocrx_word' id='word_1_188' title='bbox 259 2498 362 2575; x_wconf 84' lang='lat' dir='ltr'><strong>Neque</strong></span> <span class='ocrx_word' id='word_1_189' title='bbox 375 2518 449 2559; x_wconf 86' lang='lat' dir='ltr'><strong>vero</strong></span> <span class='ocrx_word' id='word_1_190' title='bbox 470 2501 595 2561; x_wconf 88' lang='lat' dir='ltr'><strong>latitudo</strong></span> <span class='ocrx_word' id='word_1_191' title='bbox 616 2501 714 2577; x_wconf 86' lang='lat' dir='ltr'><strong>ipsius</strong></span> <span class='ocrx_word' id='word_1_192' title='bbox 736 2500 849 2561; x_wconf 91' lang='lat' dir='ltr'><strong>ideireo</strong></span> <span class='ocrx_word' id='word_1_193' title='bbox 871 2521 889 2561; x_wconf 84' lang='lat' dir='ltr'><strong>a</strong></span> <span class='ocrx_word' id='word_1_194' title='bbox 910 2519 959 2559; x_wconf 91' lang='lat' dir='ltr'><strong>me</strong></span> <span class='ocrx_word' id='word_1_195' title='bbox 980 2501 1060 2559; x_wconf 89' lang='lat' dir='ltr'><strong>diota</strong></span> <span class='ocrx_word' id='word_1_196' title='bbox 1082 2506 1149 2577; x_wconf 86' lang='lat' dir='ltr'><strong>est,</strong></span> <span class='ocrx_word' id='word_1_197' title='bbox 1174 2496 1253 2576; x_wconf 92' lang='lat' dir='ltr'><strong>quod</strong></span> 
     </span>
     <span class='ocr_line' id='line_1_22' title="bbox 59 2597 1252 2683; baseline 0.005 -28"><span class='ocrx_word' id='word_1_198' title='bbox 59 2616 221 2676; x_wconf 87' lang='lat' dir='ltr'><strong>permagna</strong></span> <span class='ocrx_word' id='word_1_199' title='bbox 249 2601 302 2660; x_wconf 82' lang='lat' dir='ltr'><strong>sit:</strong></span> <span class='ocrx_word' id='word_1_200' title='bbox 332 2597 557 2682; x_wconf 78' lang='lat' dir='ltr'><strong>(nonnunquam</strong></span> <span class='ocrx_word' id='word_1_201' title='bbox 579 2607 659 2664; x_wconf 90' lang='lat' dir='ltr'><strong>euim</strong></span> <span class='ocrx_word' id='word_1_202' title='bbox 682 2606 782 2682; x_wconf 90' lang='lat' dir='ltr'><strong>duplo,</strong></span> <span class='ocrx_word' id='word_1_203' title='bbox 811 2605 963 2682; x_wconf 90' lang='lat' dir='ltr'><strong>tripioque</strong></span> <span class='ocrx_word' id='word_1_204' title='bbox 977 2605 1076 2663; x_wconf 90' lang='lat' dir='ltr'><strong>maius</strong></span> <span class='ocrx_word' id='word_1_205' title='bbox 1096 2602 1252 2683; x_wconf 89' lang='lat' dir='ltr'><strong>inundat,)</strong></span> 
     </span>
     <span class='ocr_line' id='line_1_23' title="bbox 60 2703 1255 2788; baseline 0.004 -27"><span class='ocrx_word' id='word_1_206' title='bbox 60 2703 108 2761; x_wconf 88' lang='lat' dir='ltr'><strong>sed</strong></span> <span class='ocrx_word' id='word_1_207' title='bbox 130 2703 315 2780; x_wconf 85' lang='lat' dir='ltr'><strong>quodtanta</strong></span> <span class='ocrx_word' id='word_1_208' title='bbox 336 2707 427 2766; x_wconf 90' lang='lat' dir='ltr'><strong>sitin</strong></span> <span class='ocrx_word' id='word_1_209' title='bbox 449 2726 485 2768; x_wconf 90' lang='lat' dir='ltr'><strong>eo</strong></span> <span class='ocrx_word' id='word_1_210' title='bbox 506 2710 573 2768; x_wconf 89' lang='lat' dir='ltr'><strong>looo</strong></span> <span class='ocrx_word' id='word_1_211' title='bbox 596 2711 833 2788; x_wconf 88' lang='lat' dir='ltr'><strong>angustissimo,</strong></span> <span class='ocrx_word' id='word_1_212' title='bbox 863 2728 920 2786; x_wconf 91' lang='lat' dir='ltr'><strong>quo</strong></span> <span class='ocrx_word' id='word_1_213' title='bbox 942 2718 1042 2768; x_wconf 91' lang='lat' dir='ltr'><strong>tamen</strong></span> <span class='ocrx_word' id='word_1_214' title='bbox 1064 2709 1164 2767; x_wconf 90' lang='lat' dir='ltr'><strong>nullus</strong></span> <span class='ocrx_word' id='word_1_215' title='bbox 1187 2714 1255 2767; x_wconf 90' lang='lat' dir='ltr'><strong>erat</strong></span> 
     </span>
     <span class='ocr_line' id='line_1_24' title="bbox 59 2807 1252 2889; baseline 0 -23"><span class='ocrx_word' id='word_1_216' title='bbox 59 2807 91 2866; x_wconf 86' lang='lat' dir='ltr'><strong>ed</strong></span> <span class='ocrx_word' id='word_1_217' title='bbox 110 2808 269 2868; x_wconf 77' lang='lat' dir='ltr'><strong>iaciendos</strong></span> <span class='ocrx_word' id='word_1_218' title='bbox 290 2818 396 2885; x_wconf 90' lang='lat' dir='ltr'><strong>pontes</strong></span> <span class='ocrx_word' id='word_1_219' title='bbox 419 2811 650 2870; x_wconf 81' lang='lat' dir='ltr'><strong>accomodatior.</strong></span> <span class='ocrx_word' id='word_1_220' title='bbox 677 2812 743 2888; x_wconf 79' lang='lat' dir='ltr'><strong>Quo</strong></span> <span class='ocrx_word' id='word_1_221' title='bbox 765 2813 795 2870; x_wconf 93' lang='lat' dir='ltr'><strong>in</strong></span> <span class='ocrx_word' id='word_1_222' title='bbox 812 2811 880 2870; x_wconf 87' lang='lat' dir='ltr'><strong>loeo</strong></span> <span class='ocrx_word' id='word_1_223' title='bbox 899 2821 1009 2889; x_wconf 88' lang='lat' dir='ltr'><strong>quanto</strong></span> <span class='ocrx_word' id='word_1_224' title='bbox 1026 2813 1124 2869; x_wconf 90' lang='lat' dir='ltr'><strong>maius</strong></span> <span class='ocrx_word' id='word_1_225' title='bbox 1139 2812 1252 2868; x_wconf 90' lang='lat' dir='ltr'><strong>ilumen</strong></span> 
     </span>
     <span class='ocr_line' id='line_1_25' title="bbox 59 2906 1255 2993; baseline 0.001 -24"><span class='ocrx_word' id='word_1_226' title='bbox 59 2929 94 2970; x_wconf 87' lang='lat' dir='ltr'><strong>ex</strong></span> <span class='ocrx_word' id='word_1_227' title='bbox 114 2910 177 2970; x_wconf 90' lang='lat' dir='ltr'><strong>lato</strong></span> <span class='ocrx_word' id='word_1_228' title='bbox 200 2913 232 2970; x_wconf 93' lang='lat' dir='ltr'><strong>in</strong></span> <span class='ocrx_word' id='word_1_229' title='bbox 254 2923 416 2990; x_wconf 90' lang='lat' dir='ltr'><strong>angustum</strong></span> <span class='ocrx_word' id='word_1_230' title='bbox 436 2916 513 2984; x_wconf 86' lang='lat' dir='ltr'><strong>fluit,</strong></span> <span class='ocrx_word' id='word_1_231' title='bbox 535 2906 772 2993; x_wconf 36' lang='lat' dir='ltr'><strong>rursumquessex</strong></span> <span class='ocrx_word' id='word_1_232' title='bbox 782 2925 911 2993; x_wconf 90' lang='lat' dir='ltr'><strong>angusto</strong></span> <span class='ocrx_word' id='word_1_233' title='bbox 924 2917 1019 2975; x_wconf 89' lang='lat' dir='ltr'><strong>multo</strong></span> <span class='ocrx_word' id='word_1_234' title='bbox 1027 2915 1061 2973; x_wconf 89' lang='lat' dir='ltr'><strong>tit</strong></span> <span class='ocrx_word' id='word_1_235' title='bbox 1074 2915 1176 2982; x_wconf 89' lang='lat' dir='ltr'><strong>latius,</strong></span> <span class='ocrx_word' id='word_1_236' title='bbox 1190 2921 1255 2971; x_wconf 89' lang='lat' dir='ltr'><strong>tan·</strong></span> 
     </span>
     <span class='ocr_line' id='line_1_26' title="bbox 58 3016 1254 3095; baseline 0.002 -23"><span class='ocrx_word' id='word_1_237' title='bbox 58 3023 87 3074; x_wconf 96' lang='lat' dir='ltr'><strong>to</strong></span> <span class='ocrx_word' id='word_1_238' title='bbox 108 3017 245 3094; x_wconf 86' lang='lat' dir='ltr'><strong>rapidius</strong></span> <span class='ocrx_word' id='word_1_239' title='bbox 266 3016 383 3089; x_wconf 73' lang='lat' dir='ltr'><strong>femur,</strong></span> <span class='ocrx_word' id='word_1_240' title='bbox 406 3019 555 3094; x_wconf 83' lang='lat' dir='ltr'><strong>altiusque</strong></span> <span class='ocrx_word' id='word_1_241' title='bbox 577 3029 643 3088; x_wconf 87' lang='lat' dir='ltr'><strong>est,</strong></span> <span class='ocrx_word' id='word_1_242' title='bbox 672 3028 705 3077; x_wconf 89' lang='lat' dir='ltr'><strong>ut</strong></span> <span class='ocrx_word' id='word_1_243' title='bbox 725 3018 755 3076; x_wconf 91' lang='lat' dir='ltr'><strong>id</strong></span> <span class='ocrx_word' id='word_1_244' title='bbox 776 3021 876 3095; x_wconf 89' lang='lat' dir='ltr'><strong>pontis</strong></span> <span class='ocrx_word' id='word_1_245' title='bbox 897 3018 1025 3078; x_wconf 83' lang='lat' dir='ltr'><strong>faciendi</strong></span> <span class='ocrx_word' id='word_1_246' title='bbox 1048 3017 1254 3076; x_wconf 79' lang='lat' dir='ltr'><strong>difficultatem</strong></span> 
     </span>
     <span class='ocr_line' id='line_1_27' title="bbox 59 3120 1255 3200; baseline 0 -23"><span class='ocrx_word' id='word_1_247' title='bbox 59 3122 188 3179; x_wconf 82' lang='lat' dir='ltr'><strong>maxime</strong></span> <span class='ocrx_word' id='word_1_248' title='bbox 210 3131 329 3197; x_wconf 88' lang='lat' dir='ltr'><strong>augeat.</strong></span> <span class='ocrx_word' id='word_1_249' title='bbox 349 3123 397 3179; x_wconf 81' lang='lat' dir='ltr'><strong>Ex</strong></span> <span class='ocrx_word' id='word_1_250' title='bbox 418 3140 476 3198; x_wconf 89' lang='lat' dir='ltr'><strong>quo</strong></span> <span class='ocrx_word' id='word_1_251' title='bbox 498 3123 622 3181; x_wconf 78' lang='lat' dir='ltr'><strong>Traiani</strong></span> <span class='ocrx_word' id='word_1_252' title='bbox 643 3123 817 3200; x_wconf 86' lang='lat' dir='ltr'><strong>magnitudo</strong></span> <span class='ocrx_word' id='word_1_253' title='bbox 839 3123 930 3182; x_wconf 92' lang='lat' dir='ltr'><strong>animi</strong></span> <span class='ocrx_word' id='word_1_254' title='bbox 951 3122 1080 3199; x_wconf 86' lang='lat' dir='ltr'><strong>intelligi</strong></span> <span class='ocrx_word' id='word_1_255' title='bbox 1094 3120 1184 3180; x_wconf 86' lang='lat' dir='ltr'><strong>iaoile</strong></span> <span class='ocrx_word' id='word_1_256' title='bbox 1203 3136 1255 3197; x_wconf 91' lang='lat' dir='ltr'><strong>po·</strong></span> 
     </span>
     <span class='ocr_line' id='line_1_28' title="bbox 60 3223 1256 3309; baseline 0.001 -30"><span class='ocrx_word' id='word_1_257' title='bbox 60 3224 288 3301; x_wconf 74' lang='lat' dir='ltr'><strong>test-Igitur</strong></span> <span class='ocrx_word' id='word_1_258' title='bbox 309 3226 458 3284; x_wconf 78' lang='lat' dir='ltr'><strong>Traianus</strong></span> <span class='ocrx_word' id='word_1_259' title='bbox 480 3243 517 3283; x_wconf 89' lang='lat' dir='ltr'><strong>eo</strong></span> <span class='ocrx_word' id='word_1_260' title='bbox 537 3233 626 3300; x_wconf 90' lang='lat' dir='ltr'><strong>ponte</strong></span> <span class='ocrx_word' id='word_1_261' title='bbox 647 3225 917 3309; x_wconf 82' lang='lat' dir='ltr'><strong>iacto,Danubium</strong></span> <span class='ocrx_word' id='word_1_262' title='bbox 938 3224 1097 3302; x_wconf 84' lang='lat' dir='ltr'><strong>transivit3</strong></span> <span class='ocrx_word' id='word_1_263' title='bbox 1118 3223 1187 3281; x_wconf 91' lang='lat' dir='ltr'><strong>dein</strong></span> <span class='ocrx_word' id='word_1_264' title='bbox 1209 3238 1256 3280; x_wconf 85' lang='lat' dir='ltr'><strong>se·</strong></span> 
     </span>
     <span class='ocr_line' id='line_1_29' title="bbox 60 3324 1256 3407; baseline 0.001 -24"><span class='ocrx_word' id='word_1_265' title='bbox 60 3343 130 3385; x_wconf 90' lang='lat' dir='ltr'><strong>eure</strong></span> <span class='ocrx_word' id='word_1_266' title='bbox 151 3326 266 3386; x_wconf 90' lang='lat' dir='ltr'><strong>bellum</strong></span> <span class='ocrx_word' id='word_1_267' title='bbox 287 3331 387 3406; x_wconf 87' lang='lat' dir='ltr'><strong>gessit</strong></span> <span class='ocrx_word' id='word_1_268' title='bbox 406 3330 517 3407; x_wconf 86' lang='lat' dir='ltr'><strong>magis,</strong></span> <span class='ocrx_word' id='word_1_269' title='bbox 540 3347 630 3405; x_wconf 90' lang='lat' dir='ltr'><strong>quam</strong></span> <span class='ocrx_word' id='word_1_270' title='bbox 643 3330 797 3399; x_wconf 87' lang='lat' dir='ltr'><strong>celeriter,</strong></span> <span class='ocrx_word' id='word_1_271' title='bbox 820 3347 855 3389; x_wconf 89' lang='lat' dir='ltr'><strong>ae</strong></span> <span class='ocrx_word' id='word_1_272' title='bbox 868 3331 970 3388; x_wconf 88' lang='lat' dir='ltr'><strong>Daeos</strong></span> <span class='ocrx_word' id='word_1_273' title='bbox 986 3330 1039 3386; x_wconf 86' lang='lat' dir='ltr'><strong>vix</strong></span> <span class='ocrx_word' id='word_1_274' title='bbox 1053 3328 1173 3388; x_wconf 84' lang='lat' dir='ltr'><strong>tandem</strong></span> <span class='ocrx_word' id='word_1_275' title='bbox 1187 3324 1256 3384; x_wconf 88' lang='lat' dir='ltr'><strong>sub·</strong></span> 
     </span>
     <span class='ocr_line' id='line_1_30' title="bbox 60 3427 1256 3516; baseline 0 -28"><span class='ocrx_word' id='word_1_276' title='bbox 60 3431 177 3508; x_wconf 80' lang='lat' dir='ltr'><strong>egit-</strong></span> <span class='ocrx_word' id='word_1_277' title='bbox 185 3431 355 3492; x_wconf 87' lang='lat' dir='ltr'><strong>Decebalus</strong></span> <span class='ocrx_word' id='word_1_278' title='bbox 365 3428 447 3516; x_wconf 82' lang='lat' dir='ltr'><strong>[Rex</strong></span> <span class='ocrx_word' id='word_1_279' title='bbox 453 3427 787 3515; x_wconf 74' lang='lat' dir='ltr'><strong>Dacorumeostquam</strong></span> <span class='ocrx_word' id='word_1_280' title='bbox 799 3435 927 3512; x_wconf 89' lang='lat' dir='ltr'><strong>regiam,</strong></span> <span class='ocrx_word' id='word_1_281' title='bbox 940 3433 1156 3512; x_wconf 84' lang='lat' dir='ltr'><strong>regionemque</strong></span> <span class='ocrx_word' id='word_1_282' title='bbox 1169 3447 1256 3489; x_wconf 89' lang='lat' dir='ltr'><strong>suam</strong></span> 
     </span>
     <span class='ocr_line' id='line_1_31' title="bbox 60 3537 1257 3617; baseline 0 -25"><span class='ocrx_word' id='word_1_283' title='bbox 60 3553 178 3594; x_wconf 89' lang='lat' dir='ltr'><strong>omnem</strong></span> <span class='ocrx_word' id='word_1_284' title='bbox 200 3546 317 3612; x_wconf 88' lang='lat' dir='ltr'><strong>captam</strong></span> <span class='ocrx_word' id='word_1_285' title='bbox 338 3556 408 3596; x_wconf 91' lang='lat' dir='ltr'><strong>esse</strong></span> <span class='ocrx_word' id='word_1_286' title='bbox 431 3539 584 3617; x_wconf 83' lang='lat' dir='ltr'><strong>cognovit,</strong></span> <span class='ocrx_word' id='word_1_287' title='bbox 605 3538 822 3615; x_wconf 89' lang='lat' dir='ltr'><strong>imminereque</strong></span> <span class='ocrx_word' id='word_1_288' title='bbox 843 3539 1022 3614; x_wconf 87' lang='lat' dir='ltr'><strong>periculum,</strong></span> <span class='ocrx_word' id='word_1_289' title='bbox 1044 3555 1082 3595; x_wconf 93' lang='lat' dir='ltr'><strong>ne</strong></span> <span class='ocrx_word' id='word_1_290' title='bbox 1102 3537 1169 3612; x_wconf 87' lang='lat' dir='ltr'><strong>ipse</strong></span> <span class='ocrx_word' id='word_1_291' title='bbox 1185 3551 1257 3612; x_wconf 91' lang='lat' dir='ltr'><strong>quo·</strong></span> 
     </span>
     <span class='ocr_line' id='line_1_32' title="bbox 63 3641 1256 3718; baseline -0.001 -21"><span class='ocrx_word' id='word_1_292' title='bbox 63 3655 118 3714; x_wconf 88' lang='lat' dir='ltr'><strong>quo</strong></span> <span class='ocrx_word' id='word_1_293' title='bbox 139 3649 310 3718; x_wconf 79' lang='lat' dir='ltr'><strong>raperetur,</strong></span> <span class='ocrx_word' id='word_1_294' title='bbox 332 3659 438 3701; x_wconf 89' lang='lat' dir='ltr'><strong>manus</strong></span> <span class='ocrx_word' id='word_1_295' title='bbox 460 3642 518 3701; x_wconf 90' lang='lat' dir='ltr'><strong>sibi</strong></span> <span class='ocrx_word' id='word_1_296' title='bbox 541 3641 650 3702; x_wconf 88' lang='lat' dir='ltr'><strong>attulit.</strong></span> <span class='ocrx_word' id='word_1_297' title='bbox 671 3642 744 3699; x_wconf 81' lang='lat' dir='ltr'><strong>llius</strong></span> <span class='ocrx_word' id='word_1_298' title='bbox 765 3652 854 3717; x_wconf 86' lang='lat' dir='ltr'><strong>eaput</strong></span> <span class='ocrx_word' id='word_1_299' title='bbox 871 3644 998 3701; x_wconf 84' lang='lat' dir='ltr'><strong>Romam</strong></span> <span class='ocrx_word' id='word_1_300' title='bbox 1019 3642 1170 3718; x_wconf 85' lang='lat' dir='ltr'><strong>perlatum</strong></span> <span class='ocrx_word' id='word_1_301' title='bbox 1190 3645 1256 3706; x_wconf 87' lang='lat' dir='ltr'><strong>est,</strong></span> 
     </span>
     <span class='ocr_line' id='line_1_33' title="bbox 63 3743 1257 3823; baseline 0.003 -24"><span class='ocrx_word' id='word_1_302' title='bbox 63 3749 92 3799; x_wconf 90' lang='lat' dir='ltr'><strong>et</strong></span> <span class='ocrx_word' id='word_1_303' title='bbox 109 3743 206 3803; x_wconf 80' lang='lat' dir='ltr'><strong>Dacis</strong></span> <span class='ocrx_word' id='word_1_304' title='bbox 226 3745 257 3802; x_wconf 92' lang='lat' dir='ltr'><strong>in</strong></span> <span class='ocrx_word' id='word_1_305' title='bbox 279 3753 459 3821; x_wconf 88' lang='lat' dir='ltr'><strong>potestatem</strong></span> <span class='ocrx_word' id='word_1_306' title='bbox 479 3745 581 3823; x_wconf 90' lang='lat' dir='ltr'><strong>populi</strong></span> <span class='ocrx_word' id='word_1_307' title='bbox 592 3747 721 3805; x_wconf 85' lang='lat' dir='ltr'><strong>Romani</strong></span> <span class='ocrx_word' id='word_1_308' title='bbox 742 3746 836 3814; x_wconf 83' lang='lat' dir='ltr'><strong>venit,</strong></span> <span class='ocrx_word' id='word_1_309' title='bbox 857 3746 888 3803; x_wconf 89' lang='lat' dir='ltr'><strong>in</strong></span> <span class='ocrx_word' id='word_1_310' title='bbox 903 3762 1028 3823; x_wconf 88' lang='lat' dir='ltr'><strong>eamque</strong></span> <span class='ocrx_word' id='word_1_311' title='bbox 1043 3745 1193 3803; x_wconf 77' lang='lat' dir='ltr'><strong>Traianus</strong></span> <span class='ocrx_word' id='word_1_312' title='bbox 1208 3758 1257 3802; x_wconf 90' lang='lat' dir='ltr'><strong>oo·</strong></span> 
     </span>
     <span class='ocr_line' id='line_1_34' title="bbox 10 3842 332 3922; baseline 0.022 -23"><span class='ocrx_word' id='word_1_313' title='bbox 10 3854 24 3922; x_wconf 15' lang='grc' dir='ltr'><strong>*Α</strong></span> <span class='ocrx_word' id='word_1_314' title='bbox 65 3842 160 3904; x_wconf 84' lang='lat' dir='ltr'><strong>lonias</strong></span> <span class='ocrx_word' id='word_1_315' title='bbox 181 3846 332 3919; x_wconf 89' lang='lat' dir='ltr'><strong>deduxit.”</strong></span> 
     </span>
    </p>

    <p class='ocr_par' dir='ltr' id='par_1_4' title="bbox 68 3951 1260 4240">
     <span class='ocr_line' id='line_1_35' title="bbox 158 3951 1256 4029; baseline 0 -20"><span class='ocrx_word' id='word_1_316' title='bbox 158 3951 322 4029; x_wconf 75' lang='lat' dir='ltr'><strong>Eutropius</strong></span> <span class='ocrx_word' id='word_1_317' title='bbox 342 3952 435 4012; x_wconf 80' lang='lat' dir='ltr'><strong>Libro</strong></span> <span class='ocrx_word' id='word_1_318' title='bbox 456 3952 511 4012; x_wconf 84' lang='lat' dir='ltr'><strong>Vl.</strong></span> <span class='ocrx_word' id='word_1_319' title='bbox 531 3953 563 4015; x_wconf 85' lang='grc'><strong>6.</strong></span> <span class='ocrx_word' id='word_1_320' title='bbox 584 3951 739 4028; x_wconf 86' lang='lat' dir='ltr'><strong>brevibus,</strong></span> <span class='ocrx_word' id='word_1_321' title='bbox 758 3961 807 4011; x_wconf 86' lang='lat' dir='ltr'><strong>ast</strong></span> <span class='ocrx_word' id='word_1_322' title='bbox 827 3971 913 4011; x_wconf 88' lang='lat' dir='ltr'><strong>more</strong></span> <span class='ocrx_word' id='word_1_323' title='bbox 934 3970 991 4011; x_wconf 89' lang='lat' dir='ltr'><strong>suo</strong></span> <span class='ocrx_word' id='word_1_324' title='bbox 1011 3951 1204 4028; x_wconf 86' lang='lat' dir='ltr'><strong>ponderosis,</strong></span> <span class='ocrx_word' id='word_1_325' title='bbox 1225 3956 1256 4009; x_wconf 87' lang='lat' dir='ltr'><strong>et</strong></span> 
     </span>
     <span class='ocr_line' id='line_1_36' title="bbox 68 4053 1259 4133; baseline 0.003 -25"><span class='ocrx_word' id='word_1_326' title='bbox 68 4055 269 4115; x_wconf 82' lang='lat' dir='ltr'><strong>extensionem</strong></span> <span class='ocrx_word' id='word_1_327' title='bbox 290 4057 463 4133; x_wconf 81' lang='lat' dir='ltr'><strong>provinciae</strong></span> <span class='ocrx_word' id='word_1_328' title='bbox 485 4064 515 4114; x_wconf 87' lang='lat' dir='ltr'><strong>et</strong></span> <span class='ocrx_word' id='word_1_329' title='bbox 535 4073 692 4114; x_wconf 89' lang='lat' dir='ltr'><strong>numerum</strong></span> <span class='ocrx_word' id='word_1_330' title='bbox 712 4057 743 4114; x_wconf 89' lang='lat' dir='ltr'><strong>in</strong></span> <span class='ocrx_word' id='word_1_331' title='bbox 757 4056 840 4114; x_wconf 91' lang='lat' dir='ltr'><strong>illam</strong></span> <span class='ocrx_word' id='word_1_332' title='bbox 855 4057 1012 4116; x_wconf 88' lang='lat' dir='ltr'><strong>duetorum</strong></span> <span class='ocrx_word' id='word_1_333' title='bbox 1026 4055 1193 4114; x_wconf 82' lang='lat' dir='ltr'><strong>incolarum</strong></span> <span class='ocrx_word' id='word_1_334' title='bbox 1210 4053 1259 4113; x_wconf 89' lang='lat' dir='ltr'><strong>ad·</strong></span> 
     </span>
     <span class='ocr_line' id='line_1_37' title="bbox 69 4157 1260 4240; baseline 0 -23"><span class='ocrx_word' id='word_1_335' title='bbox 69 4157 197 4221; x_wconf 83' lang='lat' dir='ltr'><strong>mirando</strong></span> <span class='ocrx_word' id='word_1_336' title='bbox 217 4161 321 4239; x_wconf 84' lang='lat' dir='ltr'><strong>magis</strong></span> <span class='ocrx_word' id='word_1_337' title='bbox 345 4178 446 4240; x_wconf 86' lang='lat' dir='ltr'><strong>quam,</strong></span> <span class='ocrx_word' id='word_1_338' title='bbox 466 4160 704 4238; x_wconf 87' lang='lat' dir='ltr'><strong>determinando,</strong></span> <span class='ocrx_word' id='word_1_339' title='bbox 725 4161 858 4223; x_wconf 84' lang='lat' dir='ltr'><strong>indicare</strong></span> <span class='ocrx_word' id='word_1_340' title='bbox 880 4169 1006 4225; x_wconf 83' lang='lat' dir='ltr'><strong>conatur</strong></span> <span class='ocrx_word' id='word_1_341' title='bbox 1025 4159 1145 4221; x_wconf 84' lang='lat' dir='ltr'><strong>verbis:</strong></span> <span class='ocrx_word' id='word_1_342' title='bbox 1160 4157 1260 4229; x_wconf 72' lang='lat' dir='ltr'><strong>..oum</strong></span> 
     </span>
    </p>
   </div>
   <div class='ocr_carea' id='block_1_3' title="bbox 0 0 1394 4604">
    <p class='ocr_par' dir='ltr' id='par_1_5' title="bbox 0 0 1394 4604">
     <span class='ocr_line' id='line_1_38' title="bbox 0 0 1394 4604; baseline 0 0"><span class='ocrx_word' id='word_1_343' title='bbox 0 0 1394 4604; x_wconf 95' lang='lat' dir='ltr'><strong> </strong></span> 
     </span>
    </p>
   </div>
  </div>
 </body>
</html>
