2746 4604
1184 206 1253 261 Xlll
1285 203 1287 208 ’

59 341 188 403 tiulmls
203 339 441 419 Imperatoribua
454 360 510 421 per
530 350 648 405 eentum
670 349 701 402 et
721 342 1002 420 se'xaglntuannos,
1025 357 1119 420 usque
1133 342 1171 403 ad
1182 343 1254 405 Gel-

58 445 129 508 lieni
148 454 286 522 tempora
291 486 307 526 7
325 445 451 523 quibus,
472 453 597 505 externe
620 445 832 524 ingruentibus
852 444 981 523 undiquc
998 444 1148 520 barbaris,
1165 449 1253 510 etin·

62 558 144 609 terne
161 547 393 627 insurgentibus
414 550 588 609 successive
611 548 740 626 triginta
759 549 913 623 tyrannis,
935 550 1116 611 amisssest.
1145 551 1181 626 Q.
1194 553 1254 615 No·

23 684 26 691 ·
63 647 127 713 uiua
140 652 332 731 Regilliauus
345 652 376 711 in
392 652 487 713 Dacis
499 662 587 713 natus
594 694 606 729 ,
627 654 794 728 Imperator
810 661 971 722 strenuus,
992 655 1120 729 patriam
1136 655 1255 732 qnidam

64 775 145 817 suam
160 758 192 816 in
206 756 256 825 bis
269 754 366 815 turbis
384 775 401 815 a
420 757 559 835 barbaris
575 756 726 834 purgavit,
748 765 796 815 ast
816 756 901 823 brevi
916 765 985 832 post
1001 775 1020 817 a
1033 758 1179 817 militibus
1191 767 1254 819 tru-

10 871 14 884 '
66 860 175 921 oidstus
191 868 256 929 esta
277 869 308 920 et
321 861 415 919 simili
432 861 523 938 periit
536 861 652 920 ratione
667 860 825 920 Gallienus
842 861 928 919 Anno
942 860 1012 924 268.
1035 859 1193 920 Successit
1212 863 1255 922 ei·

10 973 16 988 ·
66 963 126 1035 dem
142 964 186 1033 bl.
199 965 273 1023 Aur.
289 963 443 1043 claudius,
464 964 516 1041 qui
530 981 606 1023 anno
622 964 692 1027 269.
715 963 834 1024 Gothos
849 963 1013 1039 Illyricum,
1034 964 1254 1025 Macedoniam,

10 1066 21 1104 θ
67 1084 118 1143 pue
130 1075 299 1136 restantes,
321 1068 439 1145 ingenti
452 1066 570 1142 proelio
585 1067 667 1135 vicit,
689 1067 849 1126 otGotbioi
862 1066 1007 1144 elogium,
1028 1067 1125 1127 deleta
1136 1086 1254 1146 quoque

10 1178 23 1201 ⁹
67 1168 181 1239 illorum
207 1170 325 1241 classe,
347 1169 405 1229 sibi
432 1168 525 1228 tribui
545 1187 656 1245 passus
679 1176 744 1248 est3
772 1170 824 1246 qui
845 1187 922 1227 anno
943 1170 1005 1233 270
1031 1169 1146 1246 pariter
1172 1169 1254 1231 ritae

11 1273 26 1312 ²
68 1280 180 1349 ereptus
196 1281 253 1332 est.
277 1266 306 1354 *J
677 1328 681 1333 .
1161 1346 1164 1353 Ι

10 1376 37 1447 rep
154 1376 343 1435 Aurelianus
364 1374 481 1443 Sirmii,
503 1373 553 1433 ubi
574 1384 662 1435 natus
683 1383 760 1452 erat,
782 1377 952 1452 Imperator
974 1377 1169 1449 acclamatus,
1185 1394 1254 1443 cum
1285 1439 1286 1442 ,

11 1462 28 1519 ⁸*
68 1479 321 1553 nonobstantibus
335 1477 474 1538 felicibus
490 1495 558 1536 cum
575 1479 686 1538 Gothis
707 1479 907 1556 conflictibus,
928 1489 1079 1539 rutatum
1100 1481 1254 1555 illyricum

10 1566 29 1621 Ῥ
69 1585 236 1660 οῑΜμίειιι
248 1581 395 1659 perditam
407 1580 534 1649 videret,
557 1582 639 1641 circa
658 1583 777 1641 Annum
797 1584 868 1647 271.
890 1582 1052 1658 desperans
1065 1584 1190 1656 Daciam
1205 1601 1254 1651 re»,

10 1679 30 1735 ³¹2
68 1688 149 1747 lineri
169 1703 283 1763 posse,
304 1684 443 1762 legiones
461 1700 529 1741 cum
543 1702 654 1763 magna
674 1695 760 1761 parte
779 1686 1010 1762 provincialium
1031 1706 1071 1746 ex
1096 1688 1253 1764 provincia

10 1775 41 1877 ll*
70 1789 185 1858 abduxit
199 1799 230 1849 et
247 1790 280 1847 in
294 1788 426 1863 Mysiam
439 1787 609 1867 collocavit,
632 1807 720 1864 quarn
742 1789 845 1849 deinde
867 1808 953 1849 suant
964 1790 1089 1852 Daciam
1102 1791 1255 1868 appellare

10 1893 41 1931 ¹¹
70 1896 178 1968 uoluit,
207 1911 246 1953 ne
265 1902 405 1953 mntuea
430 1893 562 1952 Traiano
590 1893 737 1953 formatae
772 1893 944 1969 provinciae
973 1912 1081 1954 nomen
1111 1893 1254 1959 obliuioni

14 1984 41 2036 ‘i'
71 1998 238 2067 traderetur.
354 1980 358 1986 ⁸
456 2062 459 2067 ,
967 2066 970 2071 ¹

11 2091 41 2139 ‘³¹'
155 2105 197 2162 lit
218 2101 294 2160 haec
314 2118 393 2159 nova
413 2101 509 2160 Dacia
529 2101 597 2177 fuit,
619 2118 695 2176 quae
716 2099 856 2175 deinceps
877 2117 896 2159 a
917 2099 1114 2177 scriptoribus
1135 2105 1253 2178 Byzan·

10 2203 32 2242 ²⁶
72 2207 132 2265 tisis
153 2205 384 2281 compellatione
397 2203 550 2282 Ripensis
571 2201 866 2261 etMediterroneoc
880 2203 1021 2279 distincta
1035 2205 1128 2279 venit,
1150 2213 1253 2280 utpote

35 2318 38 2323 '
71 2329 135 2387 prae
155 2329 176 2369 a
195 2307 460 2385 septemtrionibus
480 2307 612 2367 Danubii
632 2307 715 2382 ripae
737 2306 905 2375 ediscebat,
928 2317 957 2365 et
969 2307 1127 2383 meridiem
1142 2326 1253 2369 versus

10 2408 26 2446 ὓ
65 2431 110 2489 per
130 2412 316 2471 Dardaniam
339 2422 370 2471 et
390 2420 521 2470 montem
542 2409 707 2479 Haemum,
737 2417 767 2466 et
789 2409 904 2467 tardius
926 2410 1045 2485 quidem
1073 2411 1255 2489 peripsam

10 2509 21 2547 ³¹
65 2516 249 2577 l'bessaliarn
271 2534 367 2592 usque
389 2516 425 2573 ad
445 2515 572 2577 Pindum
593 2524 725 2572 montem
748 2512 973 2589 extendebatur.
995 2516 1116 2581 Nostris
1132 2515 1253 2593 quidem

10 2633 15 2671 t
63 2620 242 2699 temporibus
265 2619 503 2696 ascriptoribus
525 2619 624 2675 minus
645 2617 773 2683 criticis,
781 2616 940 2692 praecipue
951 2614 1155 2694 Hungaricis,
1176 2617 1253 2677 duae

20 2764 23 2769 -
63 2723 117 2785 bac
137 2724 255 2785 Daciae
277 2741 390 2793 novae,
417 2721 571 2800 Ripensis
596 2721 714 2779 scilicet
739 2729 769 2778 et
789 2717 1045 2788 Mediterranea,
1074 2721 1105 2779 in
1129 2721 1253 2799 antiqua

61 2827 150 2887 Dacia
171 2828 297 2887 Traiani
318 2827 472 2904 quaesitae
495 2835 581 2893 sunt;
613 2823 739 2902 quibus,
760 2824 862 2903 nescio
886 2841 944 2900 qua
965 2824 1187 2900 supernaturali
1208 2824 1255 2901 ine

60 2931 232 3007 spiratione,
253 2930 357 2989 deinde
371 2930 471 2989 'tertia
492 2928 591 2988 addita
613 2936 677 2997 cst,
698 2922 861 3007 Alpeatris
881 2927 1039 3003 nimirum,
1056 2927 1142 2995 cuius
1163 2927 1251 3003 plene

59 3034 137 3093 nulla
158 3033 193 3092 lit
214 3033 291 3109 apud
311 3043 433 3092 veteres
455 3033 624 3108 scriptores
646 3032 768 3089 mentio.
791 3030 867 3093 Nam
882 3029 1010 3105 antiqua·
1018 3031 1141 3088 Traiani
1155 3011 1252 3091 Dacia

59 3137 167 3197 nullam
180 3136 286 3195 babuit
298 3136 470 3195 nominibus
492 3136 668 3212 insignitam
689 3134 886 3201 divisionem3
908 3141 939 3190 et
953 3131 1010 3191 boc
1024 3142 1142 3192 constat
1158 3135 1251 3194 omni·

59 3237 122 3309 bus,
144 3230 385 3316 qui'llomanam
404 3239 565 3299 historiam
585 3236 756 3315 vigilando,
778 3253 837 3294 non
859 3245 958 3295 autem
980 3237 1154 3295 somniando
1169 3236 1251 3316 lege·

10 3322 16 3419 l
59 3353 135 3405 runt
156 3342 241 3403 Haec
260 3342 317 3403 sub
337 3342 474 3421 Regibus
496 3342 627 3423 propriis
644 3338 815 3415 (baricis.)
838 3356 912 3418 ergo
935 3346 1003 3398 ante
1026 3340 1251 3417 occupationem

16 3554 28 3747 i
103 3734 133 3803 ⁴⁶)
155 3735 319 3788 Demvlmus
335 3740 463 3789 trecento
480 3734 580 3802 viginti
597 3733 858 3799 milltaGotborum,
874 3734 930 3788 dno
947 3733 1034 3788 millia
1050 3722 1163 3789 navium
1177 3746 1250 3787 mer·

152 3822 252 3876 simus.
275 3824 360 3875 'l'ecta
377 3829 445 3876 sunt
461 3821 574 3874 llnmlna
590 3822 696 3890 scutis,
719 3821 829 3890 spathis
846 3827 875 3875 et
892 3823 1028 3877 lanceolis
1046 3823 1138 3878 omnia
1153 3822 1251 3876 littora

153 3911 326 3978 operiuntur.
352 3911 448 3978 campi
465 3909 580 3963 ossibus
598 3909 686 3962 latent
703 3910 788 3963 tecti:
812 3911 919 3962 nullum
937 3910 991 3963 lter
1006 3925 1107 3978 purum
1125 3916 1183 3963 est:
1207 3909 1250 3961 ln·

152 4012 221 4065 gens
241 4013 361 4064 carrago
385 3999 498 4051 deserta
522 4003 575 4050 est.
599 3999 719 4049 Tantum
743 3998 888 4051 mulierum
911 4000 1051 4067 cepimus,
1075 4005 1107 4050 ut
1124 3998 1203 4050 binas
1222 4003 1251 4050 et

152 4091 248 4138 ternas
266 4086 399 4140 mulieres
415 4086 508 4140 victor
524 4086 579 4138 sibi
598 4085 679 4138 miles
696 4087 786 4153 possit
798 4087 960 4154 adiungere.
978 4091 1250 4149 Epistotolmpernto-

152 4177 192 4228 rte
204 4180 275 4236 apud
289 4179 364 4229 Det·
377 4179 528 4231 Pollionem
541 4178 571 4232 in
583 4178 716 4231 claudio.¹
779 4195 781 4199 ·
