2746 4604
86 183 159 253 nm
188 228 191 233 ,
493 179 638 255 syntaxis
658 163 893 240 Sententiarum'.

84 376 87 381 -
138 329 200 394 ΧΙ.
214 331 398 392 Sententiae
408 331 603 393 conclusivae
624 331 763 393 dictum
774 328 856 397 illae,
869 345 946 404 quae
960 327 1215 405 praecedentibus
1226 344 1292 388 cau·

84 454 163 499 ‚mm
184 434 403 496 continentibus
424 436 666 514 subiunguntur,
697 431 1055 510 indeque-procedentem
1077 431 1290 493 nenessitatem

99 557 154 616 ope
175 538 396 598 Particularum
417 540 659 599 conclusivarum
681 536 830 614 indicant3
852 555 878 598 e.
900 556 931 615 g.

96 640 203 703 Facto
221 640 368 702 mirabile
393 660 432 701 se
461 642 585 718 chuta,
611 658 677 720 pru
695 642 759 699 lies
785 639 934 699 mirabilis
961 649 1108 709 vocatur,
1137 640 1211 718 qula
1235 656 1289 698 nou

138 762 202 824 ouo
220 763 268 806 nu
286 764 324 804 ae
338 747 420 823 seca
438 745 479 806 de
498 746 597 805 multe
615 746 673 806 ori.
724 761 827 820 saepe
846 743 892 807 tit.

100 844 208 920 Quem
234 851 300 909 mei
326 849 418 908 multi
445 851 542 909 coeni
570 865 618 906 nu
636 865 674 907 se
694 847 822 906 Plurimi
849 847 986 906 homines
1015 844 1207 905 inebriantur
1235 863 1286 904 non

138 952 284 1013 imbebita
305 953 403 1022 dora,
430 971 496 1032 pru
512 971 574 1032 quo
595 951 676 1011 teba
736 953 817 1011 iorte
838 951 917 1020 ideo,
939 948 1017 1026 quod
1037 949 1166 1007 nimium
1183 947 1286 1015 libant,

89 1102 93 1116 .
136 1051 197 1133 prb
216 1055 336 1132 multu,
366 1074 441 1117 vero
468 1074 533 1135 pru
552 1073 615 1135 quo
635 1072 678 1115 au
739 1056 794 1115 sod
824 1055 903 1133 quod
939 1054 1061 1113 minime
1098 1051 1213 1128 potioni
1245 1050 1296 1135 “ds

86 1241 89 1253 Ι
138 1157 281 1222 innatet·
297 1156 358 1239 pre
376 1162 523 1238 paucimos
551 1177 593 1224 eu
620 1157 676 1221 te·
738 1160 818 1219 sueti
839 1160 910 1217 sint.

140 1256 306 1325 bitura’la.

97 1357 154 1421 Nu
174 1359 323 1425 attre’ta
347 1369 427 1444 scae
442 1365 601 1445 felicitate
614 1361 676 1446 'la,
698 1368 764 1426 Non
786 1365 938 1442 opulentia
952 1363 1025 1422 iacit
1038 1362 1225 1431 felicitatem,
1240 1361 1287 1420 sed

98 1468 101 1475 '
139 1461 194 1545 qui
209 1450 458 1545 eontentelic’la,
477 1488 543 1548 pru
557 1466 678 1550 equol-
739 1477 897 1528 contentus
911 1467 1040 1539 animus,
1050 1474 1233 1544 quapropter
1243 1465 1287 1540 qui

139 1562 213 1627 la-o'c
234 1571 333 1648 quelle·
354 1574 409 1652 qui
428 1572 504 1632 volu
523 1590 561 1632 so
570 1573 679 1651 slafe-
740 1572 845 1631 felices
867 1589 937 1630 esse
957 1572 1063 1630 volunt
1072 1613 1083 1648 ,
1105 1588 1165 1627 non
1187 1566 1289 1627 debent

84 1670 88 1675 '
140 1669 213 1748 tici,
241 1690 289 1732 nu
315 1673 379 1736 abu
406 1676 446 1736 de
472 1664 627 1738 incertiore
657 1696 678 1737 a
740 1676 859 1736 diseere
889 1672 985 1732 multe
1020 1690 1206 1751 congerere,
1241 1668 1288 1728 sed

140 1774 309 1836 adducere
337 1779 457 1855 muno,
487 1799 564 1841 vero
590 1799 613 1840 a
640 1796 677 1837 se
713 1772 843 1857 ‘paucis
865 1787 1022 1837 contentos
1044 1794 1125 1836 csse.

100 1876 103 1883 '
142 1880 326 1938 contectura
342 1897 384 1938 cu
401 1885 556 1960 paucine.

81 1975 233 2042 ,Namioo
254 2000 301 2043 nu
321 2002 359 2042 se
378 1986 467 2053 scie,
501 1984 589 2044 disse
608 2003 678 2045 unu
697 1983 781 2045 Nihil
802 1984 916 2055 scitur,
945 1984 1022 2046 dixit
1042 1982 1163 2061 quidam
1183 1981 1290 2056 Apono·

84 2080 88 2085 ’
141 2076 326 2163 Apamea,
361 2086 412 2146 lle
438 2087 525 2148 unde
551 2089 613 2148 seii
645 2094 681 2149 tu
742 2087 831 2145 tiens.
853 2085 936 2151 Unde
957 2095 990 2148 tu
1011 2088 1074 2149 seis
1095 2085 1172 2144 nihil
1194 2095 1224 2143 te
1239 2084 1291 2142 sci·

110 2215 113 2220 ·
142 2203 204 2266 quo
233 2207 280 2249 nu
300 2207 337 2248 se
357 2190 424 2249 acte
444 2188 594 2251 comica?
626 2193 679 2252 im-
739 2195 797 2248 rei
813 2190 1014 2268 interrogavit
1027 2190 1172 2249 Oriticus.
1187 2188 1234 2245 Ab
1248 2207 1292 2244 ex·

143 2291 272 2368 terroyd
284 2309 354 2352 unu
372 2290 679 2358 Oriticts.1l’iues-
740 2293 906 2370 perientia,
934 2293 1090 2369 respondit
1118 2293 1181 2356 itte.
1215 2294 1292 2368 Ergo

139 2396 318 2473 persentio,
347 2413 503 2474 response
529 2396 680 2478 aqcellu-
741 2405 840 2456 tannen
855 2397 919 2456 seis
933 2394 1057 2474 aliquid,
1070 2394 1294 2460 subiunxithic,

144 2489 178 2559 ὰ.
197 2495 288 2573 Erqo
308 2500 376 2558 tcto
390 2501 451 2558 scii
465 2497 589 2581 alequa,
601 2501 681 2560 sub·
743 2518 921 2579 quamquam
949 2499 1154 2560 tantummodo
1182 2497 1221 2558 ab
1248 2511 1295 2556 ex·

138 2597 433 2682 jumeaquaste-t.
454 2600 532 2663 bene
545 2622 607 2685 quc
620 2621 684 2666 nu·
745 2605 901 2684 perientia.
930 2663 947 2691 .-

145 2707 210 2763 mai
230 2700 300 2764 d'in
320 2707 521 2784 esperieclio.

104 2804 307 2887 Namicaicu
323 2826 402 2889 pere
423 2810 458 2868 ic
477 2813 614 2880 matura,
627 2809 684 2870 de-
703 2813 786 2874 Nihil
807 2814 912 2874 interit
937 2812 968 2877 lu
989 2821 1117 2880 natura,
1146 2828 1224 2888 ergo
1246 2826 1296 2868 neo

148 2914 204 2990 qui
224 2915 296 2972 steca·
316 2911 474 2974 unima’la
497 2916 616 2976 'nostra
637 2934 684 2978 nu
745 2917 862 2976 animus
883 2924 988 2978 nostor
1008 2914 1137 2977 interire
1150 2921 1260 2991 potest

146 3018 218 3092 pote
236 3018 353 3095 perire.

148 3206 230 3272 ΧΗ.
251 3209 428 3272 Sententiae
450 3211 665 3272 conditionales
685 3212 800 3272 duabus
821 3213 991 3272 consistunt
1009 3209 1165 3288 partibus,
1188 3220 1297 3270 antece-

107 3313 206 3389 denti,
228 3316 365 3390 seilicet,
387 3325 418 3375 et
444 3311 658 3393 subsequenti,
688 3335 815 3394 quarum
835 3318 919 3393 prior
939 3314 1142 3373 communiter
1160 3314 1299 3375 conditio

108 3435 176 3475 nem
198 3418 312 3498 ipsam,
342 3420 494 3495 posterior
515 3437 590 3479 voro
611 3419 845 3480 conditionatum
866 3419 1023 3497 exprimit;
1052 3417 1106 3475 sed
1128 3417 1298 3496 plerumque

110 3521 182 3580 crdo
206 3523 296 3581 etiam
318 3523 428 3582 inverti
450 3533 567 3601 potest3
589 3542 616 3586 e.
633 3542 664 3601 g.

58 3612 61 3623 '
108 3623 560 3702 Do{Jesei.omu1'ieorrtissia,
590 3645 635 3686 nu
655 3631 687 3710 te
707 3627 742 3686 Si
763 3627 811 3685 vir
836 3645 870 3685 es
891 3626 1049 3693 honestus,
1069 3624 1132 3682 noli
1150 3625 1300 3683 familiari·

149 3732 356 3808 impero-nare
379 3747 420 3789 eu
438 3733 553 3809 uosqm
573 3729 690 3790 micalli
750 3740 842 3790 tatem
871 3740 933 3790 tam
959 3729 1130 3806 iniquorum
1151 3728 1300 3788 hominum

150 3828 215 3914 ᾳιιὰ
237 3829 406 3913 ancelli-ai.
749 3854 909 3913 quaerere.

79 3963 83 3969 ·
107 3928 278 3997 Derceita
303 3940 351 4000 ori
379 3936 518 4004 onesimi’li
547 3937 683 3996 ‚certost
714 3937 815 4014 Saepe
831 3937 968 3997 homines
980 3939 1077 4016 aegri,
1091 3937 1119 3995 si
1134 3954 1244 4013 aquam
1257 3936 1302 3994 iri·

80 4086 84 4091 .
151 4042 191 4099 do
208 4041 288 4099 bete
303 4057 390 4122 aquo
400 4042 537 4119 frigida,
556 4020 689 4119 ’.ποίησαι
750 4041 850 4119 gislam
876 4041 993 4110 bilant,
1022 4042 1087 4101 sani
1110 4041 1187 4100 fiunt
1214 4039 1303 4112 (relc-

144 4147 291 4209 sattlloce'.
752 4141 884 4225 vantur.)
