2746 4604
382 848 984 963 mssms'rsulo

84 1103 160 1164 ult
208 1100 484 1169 mlvottls
533 1105 566 1168 A
605 1103 842 1172 LATINA
898 1101 1280 1189 DERWANS,
1353 1198 1356 1208 Δ

551 1279 601 1334 ΕΤ
619 1279 660 1334 ltt
677 1279 809 1334 susem

197 1431 271 1486 lut
294 1432 540 1492 nummu
561 1433 624 1492 IN
648 1433 848 1494 ludin!
877 1433 1136 1495 ululatus.

91 1634 290 1767 Communis
313 1710 361 1762 est
383 1704 484 1783 optuio
505 1705 644 1764 uirorum
664 1666 868 1774 eruditorum:
895 1706 1010 1764 ltomae
1031 1722 1126 1782 penes
1146 1705 1280 1784 linguan

91 1808 201 1868 doctam
224 1807 396 1883 complures
418 1810 494 1869 elias
511 1811 667 1871 exstitisse
684 1811 830 1870 dialectos
850 1812 917 1887 plus
937 1811 1037 1870 minus
1063 1810 1100 1868 ab
1124 1810 1179 1869 illa
1198 1810 1282 1870 dms·

90 1921 199 1979 rentes,
223 1927 298 1987 quae
317 1893 440 1970 ¹nomine
461 1911 583 1991 linguae
605 1916 757 1993 rusticae,
777 1913 946 1992 pedestris,
961 1911 1122 1982 militaris,
1137 1912 1283 1989 uulgaria

90 2013 229 2092 insigniri
251 2013 397 2079 solebant.
420 2014 505 2090 Quod
525 2018 622 2090 initio,
645 2036 734 2095 quum
756 2016 926 2094 respublica
947 2016 1078 2075 civitatis
1093 2016 1282 2093 constringe·

91 2116 310 2185 intonaturis,
336 2117 379 2176 ita
404 2119 512 2190 luisse,
540 2139 600 2180 non
622 2121 695 2180 adeo
716 2123 805 2181 facile
827 2121 909 2203 credi
929 2127 1049 2196 potest;
1076 2118 1283 2179 crescentibus
1328 2122 1333 2128 ’

88 2229 186 2281 ‚umen
207 2221 335 2291 viribus,
356 2229 388 2280 et
407 2222 553 2283 limitibus
575 2225 695 2300 imperii
711 2226 811 2302 magis
823 2224 981 2300 magisque
996 2222 1140 2290 dilatatis,
1161 2240 1200 2281 ex
1215 2238 1284 2281 con·

87 2341 181 2385 ,cursu
209 2325 365 2384 variorum
391 2327 423 2387 in
449 2328 536 2386 ltalia
564 2326 735 2406 degentium
756 2327 954 2404 populorum,
987 2340 1046 2385 non
1069 2323 1143 2385 adeo
1165 2322 1284 2402 quiden

86 2431 225 2509 origiue,
251 2448 340 2507 quam
368 2432 504 2491 moribus
535 2440 566 2490 et
599 2433 758 2506 regiminis
790 2432 907 2500 forma,
942 2429 1150 2504 diversorum,
1181 2428 1284 2504 plures

90 2535 226 2612 quamvis
248 2534 284 2592 ab
305 2536 435 2596 invicem
456 2554 515 2595 non
536 2536 664 2597 multum
692 2536 918 2613 discrepantes,
943 2533 1107 2612 populares
1137 2532 1283 2593 dialectos

88 2648 206 2708 enatas,
227 2656 286 2697 non
302 2647 414 2697 tantum
429 2639 557 2718 admitti,
573 2658 680 2698 verum
691 2640 885 2718 gravissimis
904 2621 1072 2706 rationibus
1086 2635 1286 2695 demonstrari

89 2753 199 2819 potest.
219 2745 307 2821 Nam,
329 2745 357 2802 si
378 2745 475 2804 missa
497 2745 661 2804 fecerimus
683 2747 812 2822 reliqua,
834 2754 916 2803 certe
938 2742 988 2802 bic
1008 2741 1217 2818 ponderantia,
1239 2757 1286 2799 ar·

91 2857 253 2924 gumenta,
282 2849 469 2913 solummodo
491 2850 641 2928 Analogia
662 2851 698 2909 ab
718 2850 863 2910 hodierno
886 2857 966 2907 statu
995 2850 1202 2923 Europearum
1235 2860 1286 2903 na·

91 2952 207 3010 tionum
229 2952 319 3020 iacta,
341 2952 416 3011 nulli
437 2953 525 3013 dubio
548 2954 697 3030 relinquet
717 2947 829 3016 locum.
851 2951 1086 3011 Consideremus
1108 2949 1187 3023 enim
1209 2945 1286 3006 Ger·

85 3057 233 3132 maniam,
256 3057 309 3114 sed
329 3055 410 3123 nihil.
427 3053 564 3118 dicamus
586 3057 621 3117 de
641 3057 777 3125 Batavis,
798 3056 906 3127 Danis,
928 3054 1048 3122 Succis,
1070 3068 1166 3126 eoque
1186 3051 1287 3111 minus

92 3157 128 3217 de
142 3159 264 3236 Anglis,
286 3160 338 3235 qui
359 3168 422 3227 toto
443 3160 586 3219 differunt
606 3160 701 3228 coelo,
723 3161 797 3219 licet
817 3159 920 3219 eadem
942 3159 1004 3216 sint
1017 3157 1052 3216 de
1070 3157 1165 3233 stirpe
1181 3156 1287 3225 creati,

92 3271 124 3320 et
146 3262 338 3322 conseramus
358 3263 522 3323 Rhenanos
551 3282 619 3325 oum
637 3265 827 3349 Austriacis,
855 3262 1014 3322 Helvetios
1044 3277 1112 3319 cum
1140 3260 1288 3337 Proseis,

92 3366 237 3433 Saxones
259 3383 327 3439 cum
348 3367 532 3446 Tbmingis,
562 3368 612 3445 qui
633 3368 782 3427 industria
803 3367 988 3426 eruditorum
1018 3383 1054 3425 eo
1083 3371 1288 3440 pervenerunt

92 3478 128 3528 ut
147 3488 207 3530 uno
229 3469 394 3547 eodemque
412 3472 520 3530 saltem
542 3472 676 3534 scribant
696 3471 794 3540 modo,
817 3487 995 3548 quamquam
1017 3467 1227 3527 diversissimo
1245 3466 1288 3527 lor

95 3582 236 3650 quantur.
265 3572 334 3635 Hoc
354 3575 433 3635 idem
453 3577 577 3653 praebet
597 3577 700 3645 ltalia,
728 3576 778 3634 ubi
806 3577 902 3635 ierme
932 3574 1056 3651 quaevis
1085 3573 1192 3631 civitas
1219 3588 1288 3648 pro·

93 3676 195 3751 prium
216 3676 307 3736 babet
327 3678 447 3748 idioma,
470 3681 606 3755 quamvis
629 3697 734 3739 omnes
755 3697 845 3738 unam
866 3685 1033 3756 agnoscant
1053 3676 1220 3735 literarium
1235 3674 1289 3732 lin·

94 3796 205 3856 guam3
227 3779 366 3858 idemque
384 3781 550 3859 Hispania,
572 3784 690 3859 etipsa
711 3784 801 3845 etiam
824 3783 939 3860 Gallia3
962 3782 997 3841 de
1020 3781 1127 3858 quibus
1148 3779 1288 3854 deinceps

94 3883 238 3961 exempla
256 3902 373 3961 quoque
396 3886 492 3946 oculis
514 3885 722 3952 subiiciemus.
741 3915 784 3931 ·-
803 3887 952 3945 Diversae
972 3884 1030 3944 bae
1051 3883 1188 3951 dialecti,
1208 3888 1290 3958 post·

95 4005 188 4064 quam
210 3989 379 4050 Romanum
404 3988 565 4065 imperium
593 3988 673 4047 ultra
700 3988 805 4053 ltaliae
831 3997 1006 4047 exstensum
1027 3987 1142 4046 luisset.
1157 3985 1289 4053 limites,

99 4091 214 4152 sensim
237 4099 336 4157 semet
354 4091 455 4170 magis
474 4091 665 4160 evolverem
684 4091 717 4151 iu
730 4091 885 4170 propriam
896 4089 1142 4170 independeutom
1155 4088 1290 4167 linguan
