2746 4604
87 185 90 191 ’
112 173 232 230 uxxlv

112 304 210 385 sitan
233 303 330 409 haud
354 331 500 413 semper
523 319 700 408 gratam,
718 303 928 397 veritatem,
960 303 1237 411 convictumque
1265 303 1355 384 ab

99 421 247 502 sentiet
271 420 440 501 de'illius
465 419 658 517 firmitate,
691 419 755 498 ille
779 420 873 500 sciat
897 425 1038 526 sejam
1062 447 1194 497 sanum
1219 447 1290 498 esse
1315 404 1369 475 θ’

38 563 58 586 ’-
112 537 318 648 quicunque
343 554 464 616 autem
489 535 659 614 omnibus
673 535 732 614 his
748 536 911 629 tentatis,
937 565 980 615 se
996 551 1123 615 tamen
1140 536 1247 621 aliter
1261 535 1359 614 diae

32 749 35 753 .
112 655 296 764 spositum
320 651 465 745 sentiet,
490 651 834 760 illeliippocratcm
858 668 977 743 uocet,
1002 679 1085 730 narn
1100 668 1231 731 nostra
1243 680 1326 731 nort

110 771 151 850 in
175 771 279 851 illum
302 785 433 879 parata
456 786 515 849 cst
539 768 735 866 medicina3
759 798 828 847 nos
853 796 936 847 cnm
960 769 1026 848 tali
1050 796 1118 847 nec
1135 767 1322 847 amicitiae

111 915 276 996 pangere
313 887 483 966 volumus
520 885 672 983 foedus,
713 913 782 964 nac
820 879 956 964 hostile
995 911 1130 988 gerere
1168 883 1302 962 bellum

31 1052 37 1071 μ
111 1002 293 1082 Veritatis
318 1019 440 1082 autern
464 1018 649 1082 amatores
673 1030 842 1102 oramus,
876 1017 918 1080 ut
941 1001 1146 1108 ubicunque
1168 1029 1240 1078 nos
1264 998 1321 1078 in-

112 1135 231 1230 caute,
255 1147 469 1229 quacunque
493 1119 638 1199 demum
655 1118 844 1212 decursa,
869 1118 908 1197 in
924 1144 1090 1225 errorem
1106 1119 1232 1224 lapsos
1256 1114 1325 1194 ob·

75 1228 77 1236 ’
113 1232 354 1325 servaverint,
379 1232 539 1338 benigne
551 1259 621 1309 nos
640 1258 790 1311 mouere
805 1232 953 1324 vellent,
977 1261 1061 1310 nam
1076 1232 1170 1311 nihil
1185 1231 1320 1337 magis,

107 1376 222 1458 quam
254 1376 424 1428 errorem
455 1349 700 1447 detestamur,
737 1346 883 1427 etiarnsi
914 1347 994 1427 sors
1024 1364 1156 1454 gratus
1187 1348 1318 1442 suerit,

112 1464 238 1572 prouti
259 1463 367 1544 etiam
385 1464 477 1543 nihil
496 1464 631 1569 magis,
648 1492 756 1572 quam
770 1464 962 1542 veritatem
979 1490 1156 1555 amamus,
1173 1461 1314 1543 etiamsi
1360 1488 1372 1569 j

111 1580 246 1660 acerba
265 1581 461 1673 exstiterit,
475 1580 690 1687 sincereque
705 1580 862 1659 fatemur
879 1579 978 1660 omni
1002 1595 1187 1659 momento
1212 1606 1309 1687 para·
1352 1608 1368 1679 q

102 1712 173 1776 tos
198 1724 268 1774 nos
293 1725 377 1775 esse
401 1696 447 1774 ad
472 1725 721 1805 quemcunque
749 1697 882 1777 falsum
914 1725 1088 1804 gressum
1122 1696 1306 1778 emendan·
1351 1686 1361 1713 ⁴

112 1809 210 1902 dum,
236 1825 272 1888 ct
295 1838 370 1888 non
393 1812 503 1889 modo
528 1812 574 1889 ab
588 1810 775 1917 hucusque
791 1814 947 1920 prolatis
961 1813 1117 1894 assertis
1137 1813 1305 1894 desistcn·
1331 1726 1368 1987 ὃ

112 1924 212 2018 (lum,
235 1954 363 2004 verum
379 1924 434 2007 ,ad
456 1929 600 2035 plenam
625 1955 754 2006 eorum
779 1931 998 2009 sententiam
1030 1930 1210 2010 ambobus
1233 1931 1304 2008 bre·

111 2042 207 2123 chiis
232 2042 529 2149 amplectendam.
561 2043 666 2135 Vale,
691 2045 828 2124 Lector
851 2047 1047 2144 benevole,
1071 2063 1110 2146 to
1127 2047 1228 2127 inter
1246 2046 1304 2125 hos

110 2158 262 2239 ultimos
283 2186 537 2254 numeramus,
561 2159 760 2269 tandiuque
781 2163 1069 2255 numerabimus,
1096 2163 1256 2271 quandiu
1273 2179 1307 2242 tu

109 2275 192 2384 ipsc
207 2275 430 2354 contrarium
446 2305 521 2355 non
539 2275 862 2372 demonstraveris,
888 2294 1085 2388 apertaque
1100 2278 1238 2360 indicia
1251 2279 1318 2380 de<¹

109 2390 212 2471 deris
234 2407 272 2469 te
292 2391 414 2498 magis
439 2394 547 2473 aliter
573 2393 838 2503 dispositorum
860 2396 1020 2502 diligere
1044 2398 1307 2478 commercium

996 2829 1215 2904 Auctor.
1256 2891 1261 2897 .
