2746 4604
131 176 240 235 XXXll

42 343 47 354 ·
129 319 266 397 perimus
287 317 546 382 conmutationem
565 332 586 374 a
603 315 767 381 ‚sanctitate
788 325 852 392 tua,
874 326 938 378 non
959 313 1072 374 dobunt
1092 313 1166 382 mibi
1188 304 1326 373 chrisma.

129 423 169 482 Et
189 421 270 485 aliud
290 431 360 500 peto
382 420 581 482 asanctitato
610 425 681 489 toa,
698 421 743 478 'ut
761 415 864 478 mittas
889 417 1080 478 cardinalem
1105 419 1142 476 ad
1170 419 1327 495 imperium

129 543 242 593 meum,
264 530 319 586 son
339 528 445 598 istum,
467 525 518 602 qut
539 522 622 583 venit
643 525 680 582 ad
700 542 760 592 me,
783 506 848 581 sive
870 523 961 581 alium
983 541 1002 583 a
1023 523 1094 582 sede
1116 523 1329 600 apostolico,et

113 628 186 688 'des
208 629 238 688 ei
259 624 395 689 diadema
424 630 455 688 ei
476 635 630 704 sceptrum
652 626 818 686 secundum
840 627 1023 703 apostolicae
1045 627 1126 686 sedis
1150 636 1180 684 et
1202 628 1329 703 Aposto·

130 732 230 791 lorum
249 716 396 812 principis
417 715 665 798 benedictionem,
687 739 719 788 et
739 731 843 788 mittas
864 731 1060 809 privilegium
1073 730 1217 816 bullatum
1238 746 1329 788 aurea

130 832 213 894 bulla
229 837 266 896 ad
279 838 542 915 exemplaripsius
565 833 746 894 servandum
767 843 914 910 perpetuo
935 836 965 892 in
977 834 1116 894 Ecclesia
1123 835 1285 894 Trinovae.
1293 835 1330 892 Et

130 937 207 1000 baec
217 941 531 1017 omniadentimperio
541 932 620 1012 nico,
630 946 660 996 et
674 946 856 997 consecrent
866 938 1330 1015 etcoronentimpcriummeum.
1367 944 1370 951 '

131 1042 240 1105 omnia
250 1055 355 1104 autem
365 1044 518 1122 praedicta
526 1042 605 1101 mitti
615 1042 723 1100 debent
734 1041 773 1101 ad
785 1042 945 1117 imperium
955 1059 1081 1100 meuma
1094 1043 1254 1101 sanctitate
1270 1050 1330 1104 tua.

130 1149 244 1209 Videat
252 1165 400 1225 praesens
416 1148 538 1206 nuntius
552 1144 721 1226 Episcopus
732 1147 1027 1208 Brandiauberensis
1042 1149 1176 1225 Blasius,
1188 1157 1223 1206 ut
1235 1146 1331 1224 possit

131 1253 261 1321 re‘l'crrc,
284 1253 354 1329 quid
375 1262 408 1310 tu
430 1252 595 1328 scripseris
616 1270 707 1310 manu
727 1254 860 1329 propria.
882 1255 921 1311 Et
941 1253 969 1311 si
982 1251 1065 1310 'haec
1080 1253 1180 1310 omnia
1192 1251 1331 1328 impleve-

133 1357 174 1415 rit
194 1358 340 1416 sauctitas
362 1365 425 1424 tua,
446 1356 488 1413 ita
509 1353 653 1431 reputabo
677 1372 745 1413 curn
767 1357 910 1431 prosapia
931 1356 1051 1432 imperii
1073 1357 1133 1414 mei
1155 1363 1185 1413 et
1202 1354 1330 1413 omnium

37 1483 40 1489 ·
132 1458 296 1521 Blacorum
317 1469 348 1518 et
366 1459 593 1536 Bulgarorum,
605 1459 684 1534 quod
705 1477 810 1517 sumus
827 1459 927 1518 dilecti
939 1458 995 1516 filii
1010 1459 1195 1518 orthodoxae
1212 1467 1331 1517 sanctae

133 1566 287 1625 Romanae
307 1563 473 1624 Ecclesiae.
494 1564 532 1620 Et
553 1561 588 1619 de
611 1562 739 1621 confinio
761 1563 933 1640 Ungariae,
954 1563 1120 1640 Bulgariae
1141 1572 1172 1622 ct
1192 1563 1330 1639 Blaciae‚

23 1746 26 1755 k
78 1670 102 1693 ”
132 1670 272 1747 relinquo
288 1666 402 1741 judicio
424 1665 595 1724 sanctitatis
617 1674 705 1735 tuac,
727 1676 761 1726 ut
781 1666 899 1744 dirigas
920 1667 1077 1743 negotium
1098 1667 1178 1725 istud
1199 1675 1285 1725 recte
1306 1672 1332 1722 el

128 1770 230 1848 justo,
248 1779 286 1852 ut
306 1787 365 1830 non
387 1769 496 1828 habeat
515 1779 672 1845 peccatum
693 1771 794 1829 anima
815 1771 984 1830 sanctitatis
1007 1781 1092 1840 tuac,
1113 1778 1144 1828 et
1164 1772 1207 1828 ita
1227 1768 1333 1827 babeat

133 1864 293 1953 imperium
313 1891 413 1931 mcum
430 1870 568 1945 justitias
589 1872 756 1950 Bulgariae
775 1883 806 1932 et
825 1875 968 1944 Blaciae,
991 1874 1070 1951 quod
1091 1876 1159 1932 Rex
1179 1873 1331 1952 Ungariae

133 1977 244 2039 babeat
268 1974 406 2050 justitias
426 1974 598 2051 Ungariac,
627 1984 658 2033 et
684 1985 807 2034 cessent
835 1978 1004 2036 occisiones
1035 1977 1277 2036 Christianorum
1304 1975 1332 2032 in

133 2099 183 2141 me
205 2089 237 2141 et
255 2077 429 2156 imperium,
458 2077 545 2135 Sciat
566 2087 665 2163 optem
687 2081 833 2139 sanctitas
853 2089 921 2150 tua,
956 2082 1035 2157 quod
1058 2078 1189 2160 quinque
1210 2081 1331 2157 Episco-

133 2191 224 2261 patus
243 2180 409 2258 Bulgariae
430 2181 581 2255 portinent
602 2180 637 2239 ad
659 2181 819 2258 imperium
841 2194 957 2253 meniu,
980 2205 1055 2263 quos
1078 2186 1191 2244 invasit
1213 2193 1243 2242 et
1264 2167 1333 2242 ded·

134 2294 187 2346 net
198 2289 266 2344 Rex
278 2284 431 2363 Ungariae
453 2302 520 2342 cum
538 2284 667 2358 justitiis
684 2285 907 2357 Ecclesiarum;
930 2299 960 2348 ct
977 2291 1036 2366 ipsi
1051 2291 1251 2366 Episcopatus
1267 2292 1334 2345 sunt

135 2388 304 2457 annihilati,
326 2388 406 2446 etsi
423 2387 539 2460 justum
561 2396 610 2447 ost
630 2388 688 2447 hoc
707 2389 772 2452 liat.
793 2389 940 2469 Quicquid
962 2394 1097 2452 dicturus
1120 2402 1168 2452 est
1188 2407 1333 2469 praesens

136 2494 260 2554 nuntius
287 2491 409 2567 imperii
436 2492 496 2550 mei
524 2492 693 2569 Episcopus
721 2495 1016 2555 Brandinubercnsis
1037 2497 1161 2555 Blasius
1184 2493 1333 2555 sanctitati

137 2587 351 2667 machabeos
372 2611 489 2663 verum3
513 2594 653 2670 qnoniam
675 2607 820 2673 exparte
841 2617 908 2659 mea
929 2601 1017 2661 dicet.

237 2699 313 2758 Dum
335 2707 435 2756 autern
447 2698 615 2775 Episcopus
637 2708 668 2758 et
689 2700 867 2776 capellanus
889 2706 1034 2781 praedicti
1052 2706 1202 2765 adsedem
1219 2711 1334 2781 aposto·

138 2802 276 2864 stolicam
288 2801 519 2876 pervenissent,
540 2802 689 2860 Dominus
704 2805 786 2881 Papa
801 2824 854 2864 eos
875 2803 1005 2886 benigne
1027 2811 1172 2886 suscepit,
1194 2818 1226 2882 ct
1245 2822 1335 2882 super

137 2903 332 2990 petitionibus
354 2904 499 2980 saepefati
507 2905 654 2964 Joannitii
670 2925 725 2984 per
740 2909 865 2967 eundern
879 2912 1062 2988 Episcopum
1070 2912 1271 2988 praesentatis
1287 2909 1335 2966 ha·

138 3011 201 3070 bito
221 3007 359 3086 diligenti
380 3017 528 3078 tractatu,
550 3011 706 3070 constituit
728 3030 795 3072 eum
817 3016 934 3093 Regem
955 3017 1117 3074 Blacorum
1138 3025 1168 3073 et
1188 3015 1337 3090 Bulgaro·

139 3132 218 3185 rum,
239 3112 361 3171 mittens
383 3111 420 3186 ad
442 3131 509 3171 eum
531 3114 665 3172 Leonem
686 3116 766 3175 tituli
788 3127 912 3177 sanctae
925 3119 1256 3194 CrucisPresbyterum
1266 3116 1337 3174 Gar·

139 3218 267 3277 dinalem
289 3215 474 3293 apostolicae
497 3217 578 3276 sedis
599 3220 759 3297 Legatum,
782 3231 812 3279 et
833 3207 1007 3298 peripsum
1029 3235 1183 3302 sceptrum
1200 3221 1337 3300 regniac

138 3323 261 3399 regium
282 3318 428 3394 diadema,
449 3322 630 3408 uisendam
650 3325 717 3382 vice
740 3326 849 3383 summi
871 3327 1027 3386 Pontificis
1051 3335 1179 3405 ungeret
1201 3334 1232 3384 et
1254 3341 1338 3384 coro·

140 3434 230 3486 naret
247 3425 279 3483 in
286 3426 415 3500 Regem,
437 3426 618 3485 transmisso
632 3429 798 3502 apostolico
811 3429 973 3508 privilegio
986 3429 1070 3487 cuius
1087 3440 1174 3488 tenor
1187 3431 1337 3488 talis-cst:

240 3525 438 3605 calojohanni
459 3528 572 3588 illustri
593 3531 798 3608 Bulgarorum
820 3542 851 3592 ct
870 3535 1033 3593 Blacorum
1043 3534 1133 3612 Regi,
1146 3535 1272 3610 eiusque
1289 3551 1339 3608 po·

141 3629 234 3693 oleris
256 3630 285 3689 ei
306 3623 374 3688 tam'
389 3631 419 3687 in
439 3648 535 3718 regno
562 3651 650 3710 quam
672 3635 702 3692 in
726 3635 883 3695 devotione
906 3639 988 3696 sedis
1011 3624 1193 3714 apostolicae
1218 3655 1339 3695 succes·

143 3734 226 3796 suris
252 3735 282 3792 ln
309 3742 496 3810 perpetuum.
526 3738 595 3795 Rex
621 3738 741 3816 Regum
770 3749 800 3797 et
824 3742 972 3800 Dominus
995 3743 1221 3801 Dominantlum
1243 3741 1339 3798 Jesus

143 3836 668 3924 cbristusSacerdos...(Sequitur
688 3841 819 3919 formula
840 3827 1172 3925 generalisaliomanis
1186 3844 1339 3903 Pontifici·

142 3943 199 4004 bus
215 3943 246 4003 in
267 3941 461 4002 coronatione
483 3943 602 4021 Regum
624 3943 893 4030 observata).0um
902 3969 941 4008 cx
949 3961 1109 4029 praecepto
1122 3949 1246 4009 Domini
1269 3963 1338 4005 oves

143 4049 210 4109 cius
231 4063 357 4124 pascere
378 4054 533 4104 teneamur
554 4047 673 4124 populis
693 4052 900 4130 Bulgarorum
922 4064 953 4114 et
973 4056 1147 4130 Blacorum,
1171 4054 1223 4130 qui
1244 4052 1336 4111 multo

139 4150 203 4226 jam
224 4157 359 4229 tompore
381 4147 417 4209 ab
440 4148 582 4210 uberibus
602 4152 709 4213 matris
731 4171 804 4214 suae
826 4158 1102 4228 alicnati-fuerunt,
1123 4158 1155 4216 in
1177 4154 1337 4232 spirituali·
